@article{Collins:1980ui,
      author         = "Collins, John C.",
      title          = "{Intrinsic transverse momentum: Nongauge theories}",
      journal        = "Phys. Rev.",
      volume         = "D21",
      year           = "1980",
      pages          = "2962",
      doi            = "10.1103/PhysRevD.21.2962",
      reportNumber   = "Print-80-0062 (PRINCETON)",
      SLACcitation   = "%%CITATION = PHRVA,D21,2962;%%"
}

@article{Ball:2017nwa,
      author         = "Ball, Richard D. and others",
      title          = "{Parton distributions from high-precision collider data}",
      collaboration  = "NNPDF",
      journal        = "Eur. Phys. J.",
      volume         = "C77",
      year           = "2017",
      number         = "10",
      pages          = "663",
      doi            = "10.1140/epjc/s10052-017-5199-5",
      eprint         = "1706.00428",
      archivePrefix  = "arXiv",
      primaryClass   = "hep-ph",
      reportNumber   = "CAVENDISH-HEP-17-06, CERN-TH-2017-077, EDINBURGH-2017-08,
                        NIKHEF-2017-006, OUTP-17-04P, TIF-UNIMI-2017-3",
      SLACcitation   = "%%CITATION = ARXIV:1706.00428;%%"
}

@article{PhysRevLett.110.262002,
  title = {Parton Physics on a Euclidean Lattice},
  author = {Ji, Xiangdong},
  journal = {Phys. Rev. Lett.},
  volume = {110},
  issue = {26},
  pages = {262002},
  numpages = {4},
  year = {2013},
  month = {Jun},
  publisher = {American Physical Society},
  doi = {10.1103/PhysRevLett.110.262002},
  url = {https://link.aps.org/doi/10.1103/PhysRevLett.110.262002}
}

@article{Collins:1981uw,
      author         = "Collins, John C. and Soper, Davison E.",
      title          = "{Parton Distribution and Decay Functions}",
      journal        = "Nucl. Phys.",
      volume         = "B194",
      year           = "1982",
      pages          = "445-492",
      doi            = "10.1016/0550-3213(82)90021-9",
      reportNumber   = "OITS-166",
      SLACcitation   = "%%CITATION = NUPHA,B194,445;%%"
}

@article{Ishikawa:2017faj,
      author         = "Ishikawa, Tomomi and Ma, Yan-Qing and Qiu, Jian-Wei and
                        Yoshida, Shinsuke",
      title          = "{Renormalizability of quasiparton distribution
                        functions}",
      journal        = "Phys. Rev.",
      volume         = "D96",
      year           = "2017",
      number         = "9",
      pages          = "094019",
      doi            = "10.1103/PhysRevD.96.094019",
      eprint         = "1707.03107",
      archivePrefix  = "arXiv",
      primaryClass   = "hep-ph",
      SLACcitation   = "%%CITATION = ARXIV:1707.03107;%%"
}

@Article{Karpie2019,
author="Karpie, Joseph
and Orginos, Kostas
and Rothkopf, Alexander
and Zafeiropoulos, Savvas",
title="Reconstructing parton distribution functions from Ioffe time data: from Bayesian methods to neural networks",
journal="Journal of High Energy Physics",
year="2019",
month="Apr",
day="05",
volume="2019",
number="4",
pages="57",
abstract="The computation of the parton distribution functions (PDF) or distribution amplitudes (DA) of hadrons from first principles lattice QCD constitutes a central open problem in high energy nuclear physics. In this study, we present and evaluate the efficiency of several numerical methods, well established in the study of inverse problems, to reconstruct the full x-dependence of PDFs. Our starting point are the so called Ioffe time PDFs, which are accessible from Euclidean time simulations in conjunction with a matching procedure. Using realistic mock data tests, we find that the ill-posed incomplete Fourier transform underlying the reconstruction requires careful regularization, for which both the Bayesian approach as well as neural networks are efficient and flexible choices.",
issn="1029-8479",
doi="10.1007/JHEP04(2019)057",
url="https://doi.org/10.1007/JHEP04(2019)057"
}


@article{PhysRevD.21.2962,
  title = {Intrinsic transverse momentum: Nongauge theories},
  author = {Collins, J. C.},
  journal = {Phys. Rev. D},
  volume = {21},
  issue = {10},
  pages = {2962--2978},
  numpages = {0},
  year = {1980},
  month = {May},
  publisher = {American Physical Society},
  doi = {10.1103/PhysRevD.21.2962},
  url = {https://link.aps.org/doi/10.1103/PhysRevD.21.2962}
}

@article{Collins:1989gx,
      author         = "Collins, John C. and Soper, Davison E. and Sterman,
                        George F.",
      title          = "{Factorization of Hard Processes in QCD}",
      journal        = "Adv. Ser. Direct. High Energy Phys.",
      volume         = "5",
      year           = "1989",
      pages          = "1-91",
      doi            = "10.1142/9789814503266_0001",
      eprint         = "hep-ph/0409313",
      archivePrefix  = "arXiv",
      primaryClass   = "hep-ph",
      reportNumber   = "ITP-SB-89-31",
      SLACcitation   = "%%CITATION = HEP-PH/0409313;%%"
}

@article{Xiong:2013bka,
      author         = "Xiong, Xiaonu and Ji, Xiangdong and Zhang, Jian-Hui and
                        Zhao, Yong",
      title          = "{One-loop matching for parton distributions: Nonsinglet
                        case}",
      journal        = "Phys. Rev.",
      volume         = "D90",
      year           = "2014",
      number         = "1",
      pages          = "014051",
      doi            = "10.1103/PhysRevD.90.014051",
      eprint         = "1310.7471",
      archivePrefix  = "arXiv",
      primaryClass   = "hep-ph",
      SLACcitation   = "%%CITATION = ARXIV:1310.7471;%%"
}

@article{Stewart:2017tvs,
      author         = "Stewart, Iain W. and Zhao, Yong",
      title          = "{Matching the quasiparton distribution in a momentum
                        subtraction scheme}",
      journal        = "Phys. Rev.",
      volume         = "D97",
      year           = "2018",
      number         = "5",
      pages          = "054512",
      doi            = "10.1103/PhysRevD.97.054512",
      eprint         = "1709.04933",
      archivePrefix  = "arXiv",
      primaryClass   = "hep-ph",
      reportNumber   = "MIT-CTP-4873, MIT--CTP-4873",
      SLACcitation   = "%%CITATION = ARXIV:1709.04933;%%"
}

@article{PhysRevD.97.054512,
  title = {Matching the quasiparton distribution in a momentum subtraction scheme},
  author = {Stewart, Iain W. and Zhao, Yong},
  journal = {Phys. Rev. D},
  volume = {97},
  issue = {5},
  pages = {054512},
  numpages = {19},
  year = {2018},
  month = {Mar},
  publisher = {American Physical Society},
  doi = {10.1103/PhysRevD.97.054512},
  url = {https://link.aps.org/doi/10.1103/PhysRevD.97.054512}
}

@article{Izubuchi:2018srq,
      author         = "Izubuchi, Taku and Ji, Xiangdong and Jin, Luchang and
                        Stewart, Iain W. and Zhao, Yong",
      title          = "{Factorization Theorem Relating Euclidean and Light-Cone
                        Parton Distributions}",
      journal        = "Phys. Rev.",
      volume         = "D98",
      year           = "2018",
      number         = "5",
      pages          = "056004",
      doi            = "10.1103/PhysRevD.98.056004",
      eprint         = "1801.03917",
      archivePrefix  = "arXiv",
      primaryClass   = "hep-ph",
      reportNumber   = "MIT-CTP-4960, MIT-CTP 4960",
      SLACcitation   = "%%CITATION = ARXIV:1801.03917;%%"
}

@article{Alexandrou:2018pbm,
      author         = "Alexandrou, Constantia and Cichy, Krzysztof and
                        Constantinou, Martha and Jansen, Karl and Scapellato,
                        Aurora and Steffens, Fernanda",
      title          = "{Light-Cone Parton Distribution Functions from Lattice
                        QCD}",
      journal        = "Phys. Rev. Lett.",
      volume         = "121",
      year           = "2018",
      number         = "11",
      pages          = "112001",
      doi            = "10.1103/PhysRevLett.121.112001",
      eprint         = "1803.02685",
      archivePrefix  = "arXiv",
      primaryClass   = "hep-lat",
      SLACcitation   = "%%CITATION = ARXIV:1803.02685;%%"
}

@article{Cichy:2018mum,
      author         = "Cichy, Krzysztof and Constantinou, Martha",
      title          = "{A guide to light-cone PDFs from Lattice QCD: an overview
                        of approaches, techniques and results}",
      journal        = "Adv. High Energy Phys.",
      volume         = "2019",
      year           = "2019",
      pages          = "3036904",
      doi            = "10.1155/2019/3036904",
      eprint         = "1811.07248",
      archivePrefix  = "arXiv",
      primaryClass   = "hep-lat",
      SLACcitation   = "%%CITATION = ARXIV:1811.07248;%%"
}

@article{Ma:2017pxb,
      author         = "Ma, Yan-Qing and Qiu, Jian-Wei",
      title          = "{Exploring Partonic Structure of Hadrons Using ab initio
                        Lattice QCD Calculations}",
      journal        = "Phys. Rev. Lett.",
      volume         = "120",
      year           = "2018",
      number         = "2",
      pages          = "022003",
      doi            = "10.1103/PhysRevLett.120.022003",
      eprint         = "1709.03018",
      archivePrefix  = "arXiv",
      primaryClass   = "hep-ph",
      reportNumber   = "JLAB-THY-17-2542",
      SLACcitation   = "%%CITATION = ARXIV:1709.03018;%%"
}

@article{Floratos:1981hs,
      author         = "Floratos, E. G. and Kounnas, C. and Lacaze, R.",
      title          = "{Higher Order QCD Effects in Inclusive Annihilation and
                        Deep Inelastic Scattering}",
      journal        = "Nucl. Phys.",
      volume         = "B192",
      year           = "1981",
      pages          = "417-462",
      doi            = "10.1016/0550-3213(81)90434-X",
      reportNumber   = "LPTENS-81-3",
      SLACcitation   = "%%CITATION = NUPHA,B192,417;%%"
}

@article{Gluck:1989ze,
      author         = "Gluck, M. and Reya, E. and Vogt, A.",
      title          = "{Radiatively generated parton distributions for
                        high-energy collisions}",
      journal        = "Z. Phys.",
      volume         = "C48",
      year           = "1990",
      pages          = "471-482",
      doi            = "10.1007/BF01572029",
      reportNumber   = "DO-TH-89/20",
      SLACcitation   = "%%CITATION = ZEPYA,C48,471;%%"
}

@article{DelDebbio:2007ee,
      author         = "Del Debbio, Luigi and Forte, Stefano and Latorre, Jose I.
                        and Piccione, Andrea and Rojo, Joan",
      title          = "{Neural network determination of parton distributions:
                        The Nonsinglet case}",
      collaboration  = "NNPDF",
      journal        = "JHEP",
      volume         = "03",
      year           = "2007",
      pages          = "039",
      doi            = "10.1088/1126-6708/2007/03/039",
      eprint         = "hep-ph/0701127",
      archivePrefix  = "arXiv",
      primaryClass   = "hep-ph",
      reportNumber   = "UB-ECM-PF-06-17, IFUM-882-FT, GEF-TH-01-2007",
      SLACcitation   = "%%CITATION = HEP-PH/0701127;%%"
}

@article{Ball:2008by,
      author         = "Ball, Richard D. and Del Debbio, Luigi and Forte, Stefano
                        and Guffanti, Alberto and Latorre, Jose I. and Piccione,
                        Andrea and Rojo, Juan and Ubiali, Maria",
      title          = "{A Determination of parton distributions with faithful
                        uncertainty estimation}",
      collaboration  = "NNPDF",
      journal        = "Nucl. Phys.",
      volume         = "B809",
      year           = "2009",
      pages          = "1-63",
      doi            = "10.1016/j.nuclphysb.2008.09.037,
                        10.1016/j.nuclphysb.2009.02.027",
      note           = "[Erratum: Nucl. Phys.B816,293(2009)]",
      eprint         = "0808.1231",
      archivePrefix  = "arXiv",
      primaryClass   = "hep-ph",
      reportNumber   = "EDINBURGH-2008-25, IFUM-923-FT, FREIBURG-2008-08",
      SLACcitation   = "%%CITATION = ARXIV:0808.1231;%%"
}

@article{DBLP:journals/corr/Hansen16a,
  author    = {Nikolaus Hansen},
  title     = {The {CMA} Evolution Strategy: {A} Tutorial},
  journal   = {CoRR},
  volume    = {abs/1604.00772},
  year      = {2016},
  url       = {http://arxiv.org/abs/1604.00772},
  archivePrefix = {arXiv},
  eprint    = {1604.00772},
  timestamp = {Mon, 13 Aug 2018 16:47:37 +0200},
  biburl    = {https://dblp.org/rec/bib/journals/corr/Hansen16a},
  bibsource = {dblp computer science bibliography, https://dblp.org}
}

@article{Ball:2010de,
      author         = "Ball, Richard D. and Del Debbio, Luigi and Forte, Stefano
                        and Guffanti, Alberto and Latorre, Jose I. and Rojo, Juan
                        and Ubiali, Maria",
      title          = "{A first unbiased global NLO determination of parton
                        distributions and their uncertainties}",
      journal        = "Nucl. Phys.",
      volume         = "B838",
      year           = "2010",
      pages          = "136-206",
      doi            = "10.1016/j.nuclphysb.2010.05.008",
      eprint         = "1002.4407",
      archivePrefix  = "arXiv",
      primaryClass   = "hep-ph",
      reportNumber   = "EDINBURGH-2010-05, IFUM-952-FT, FR-PHENO-2010-014,
                        CP3-10-08",
      SLACcitation   = "%%CITATION = ARXIV:1002.4407;%%"
}

@article{Monahan:2018euv,
      author         = "Monahan, Christopher",
      title          = "{Recent Developments in $x$-dependent Structure
                        Calculations}",
      booktitle      = "{36th International Symposium on Lattice Field Theory
                        (Lattice 2018) East Lansing, MI, United States, July
                        22-28, 2018}",
      journal        = "PoS",
      volume         = "LATTICE2018",
      year           = "2018",
      pages          = "018",
      eprint         = "1811.00678",
      archivePrefix  = "arXiv",
      primaryClass   = "hep-lat",
      reportNumber   = "INT-PUB-18-054",
      SLACcitation   = "%%CITATION = ARXIV:1811.00678;%%"
}

@article{Syritsyn:2014saa,
      author         = "Syritsyn, Sergey",
      title          = "{Review of Hadron Structure Calculations on a Lattice}",
      booktitle      = "{Proceedings, 31st International Symposium on Lattice
                        Field Theory (Lattice 2013): Mainz, Germany, July
                        29-August 3, 2013}",
      journal        = "PoS",
      volume         = "LATTICE2013",
      year           = "2014",
      pages          = "009",
      eprint         = "1403.4686",
      archivePrefix  = "arXiv",
      primaryClass   = "hep-lat",
      SLACcitation   = "%%CITATION = ARXIV:1403.4686;%%"
}

@inproceedings{Green:2018vxw,
      author         = "Green, Jeremy",
      title          = "{Systematics in nucleon matrix element calculations}",
      booktitle      = "{36th International Symposium on Lattice Field Theory
                        (Lattice 2018) East Lansing, MI, United States, July
                        22-28, 2018}",
      year           = "2018",
      eprint         = "1812.10574",
      archivePrefix  = "arXiv",
      primaryClass   = "hep-lat",
      reportNumber   = "DESY-18-224",
      SLACcitation   = "%%CITATION = ARXIV:1812.10574;%%"
}

@article{Constantinou:2014tga,
      author         = "Constantinou, Martha",
      title          = "{Hadron Structure}",
      booktitle      = "{Proceedings, 32nd International Symposium on Lattice
                        Field Theory (Lattice 2014): Brookhaven, NY, USA, June
                        23-28, 2014}",
      journal        = "PoS",
      volume         = "LATTICE2014",
      year           = "2015",
      pages          = "001",
      eprint         = "1411.0078",
      archivePrefix  = "arXiv",
      primaryClass   = "hep-lat",
      reportNumber   = "CY-01",
      SLACcitation   = "%%CITATION = ARXIV:1411.0078;%%"
}
@article{Alexandrou:2017xwd,
      author         = "Alexandrou, Constantia and Kallidonis, Christos",
      title          = "{Low-lying baryon masses using $N_f=2$ twisted mass clover-improved fermions directly at the physical pion mass}",
      journal        = "Phys. Rev.",
      volume         = "D96",
      year           = "2017",
      number         = "3",
      pages          = "034511",
      doi            = "10.1103/PhysRevD.96.034511",
      eprint         = "1704.02647",
      archivePrefix  = "arXiv",
      primaryClass   = "hep-lat",
      SLACcitation   = "%%CITATION = ARXIV:1704.02647;%%"
}

@article{Constantinou:2015agp,
      author         = "Constantinou, Martha",
      title          = "{Recent progress in hadron structure from Lattice QCD}",
      booktitle      = "{Proceedings, 8th International Workshop on Chiral
                        Dynamics (CD15): Pisa, Italy, June 29-July 3, 2015}",
      journal        = "PoS",
      volume         = "CD15",
      year           = "2015",
      pages          = "009",
      eprint         = "1511.00214",
      archivePrefix  = "arXiv",
      primaryClass   = "hep-lat",
      SLACcitation   = "%%CITATION = ARXIV:1511.00214;%%"
}

@inproceedings{Alexandrou:2015xts,
      author         = "Alexandrou, Constantia",
      title          = "{Selected results on hadron structure using
                        state-of-the-art lattice QCD simulations}",
      booktitle      = "{Proceedings, 45th International Symposium on
                        Multiparticle Dynamics (ISMD 2015): Kreuth, Germany,
                        October 4-9, 2015}",
      year           = "2015",
      eprint         = "1512.03924",
      archivePrefix  = "arXiv",
      primaryClass   = "hep-lat",
      SLACcitation   = "%%CITATION = ARXIV:1512.03924;%%"
}

@article{Briceno:2018lfj,
      author         = "Brice\~no, Raúl A. and Guerrero, Juan V. and Hansen,
                        Maxwell T. and Monahan, Christopher J.",
      title          = "{Finite-volume effects due to spatially nonlocal
                        operators}",
      journal        = "Phys. Rev.",
      volume         = "D98",
      year           = "2018",
      number         = "1",
      pages          = "014511",
      doi            = "10.1103/PhysRevD.98.014511",
      eprint         = "1805.01034",
      archivePrefix  = "arXiv",
      primaryClass   = "hep-lat",
      reportNumber   = "CERN-TH-2018-109, INT-PUB-18-019, JLAB-THY-18-2697",
      SLACcitation   = "%%CITATION = ARXIV:1805.01034;%%"
}

@article{Alexandrou:2017huk,
      author         = "Alexandrou, Constantia and Cichy, Krzysztof and
                        Constantinou, Martha and Hadjiyiannakou, Kyriakos and
                        Jansen, Karl and Panagopoulos, Haralambos and Steffens,
                        Fernanda",
      title          = "{A complete non-perturbative renormalization prescription
                        for quasi-PDFs}",
      journal        = "Nucl. Phys.",
      volume         = "B923",
      year           = "2017",
      pages          = "394-415",
      doi            = "10.1016/j.nuclphysb.2017.08.012",
      eprint         = "1706.00265",
      archivePrefix  = "arXiv",
      primaryClass   = "hep-lat",
      SLACcitation   = "%%CITATION = ARXIV:1706.00265;%%"
}

@article{Constantinou:2017sej,
      author         = "Constantinou, Martha and Panagopoulos, Haralambos",
      title          = "{Perturbative renormalization of quasi-parton
                        distribution functions}",
      journal        = "Phys. Rev.",
      volume         = "D96",
      year           = "2017",
      number         = "5",
      pages          = "054506",
      doi            = "10.1103/PhysRevD.96.054506",
      eprint         = "1705.11193",
      archivePrefix  = "arXiv",
      primaryClass   = "hep-lat",
      SLACcitation   = "%%CITATION = ARXIV:1705.11193;%%"
}

@article{Ball:2014uwa,
      author         = "Ball, Richard D. and others",
      title          = "{Parton distributions for the LHC Run II}",
      collaboration  = "NNPDF",
      journal        = "JHEP",
      volume         = "04",
      year           = "2015",
      pages          = "040",
      doi            = "10.1007/JHEP04(2015)040",
      eprint         = "1410.8849",
      archivePrefix  = "arXiv",
      primaryClass   = "hep-ph",
      reportNumber   = "EDINBURGH-2014-15, IFUM-1034-FT, CERN-PH-TH-2013-253,
                        OUTP-14-11P, CAVENDISH-HEP-14-11",
      SLACcitation   = "%%CITATION = ARXIV:1410.8849;%%"
}
@article{Lin:2014zya,
      author         = "Lin, Huey-Wen and Chen, Jiunn-Wei and Cohen, Saul D. and
                        Ji, Xiangdong",
      title          = "{Flavor Structure of the Nucleon Sea from Lattice QCD}",
      journal        = "Phys. Rev.",
      volume         = "D91",
      year           = "2015",
      pages          = "054510",
      doi            = "10.1103/PhysRevD.91.054510",
      eprint         = "1402.1462",
      archivePrefix  = "arXiv",
      primaryClass   = "hep-ph",
      reportNumber   = "NT@UW-14-03, INT-PUB-14-002",
      SLACcitation   = "%%CITATION = ARXIV:1402.1462;%%"
}
@article{Alexandrou:2015rja,
      author         = "Alexandrou, Constantia and Cichy, Krzysztof and Drach,
                        Vincent and Garcia-Ramos, Elena and Hadjiyiannakou,
                        Kyriakos and Jansen, Karl and Steffens, Fernanda and
                        Wiese, Christian",
      title          = "{Lattice calculation of parton distributions}",
      journal        = "Phys. Rev.",
      volume         = "D92",
      year           = "2015",
      pages          = "014502",
      doi            = "10.1103/PhysRevD.92.014502",
      eprint         = "1504.07455",
      archivePrefix  = "arXiv",
      primaryClass   = "hep-lat",
      reportNumber   = "SFB-CPP-14-124, DESY-15-059, CP3-ORIGINS-2015-013-DNRF90,
                        DIAS-2015-13",
      SLACcitation   = "%%CITATION = ARXIV:1504.07455;%%"
}
@article{Chen:2016utp,
      author         = "Chen, Jiunn-Wei and Cohen, Saul D. and Ji, Xiangdong and
                        Lin, Huey-Wen and Zhang, Jian-Hui",
      title          = "{Nucleon Helicity and Transversity Parton Distributions
                        from Lattice QCD}",
      journal        = "Nucl. Phys.",
      volume         = "B911",
      year           = "2016",
      pages          = "246-273",
      doi            = "10.1016/j.nuclphysb.2016.07.033",
      eprint         = "1603.06664",
      archivePrefix  = "arXiv",
      primaryClass   = "hep-ph",
      reportNumber   = "MIT-CTP-4776, INT-PUB-16-009",
      SLACcitation   = "%%CITATION = ARXIV:1603.06664;%%"
}
@article{Alexandrou:2016jqi,
      author         = "Alexandrou, Constantia and Cichy, Krzysztof and Constantinou, Martha and Hadjiyiannakou, Kyriakos and Jansen, Karl and Steffens, Fernanda and Wiese, Christian",
      title          = "{Updated Lattice Results for Parton Distributions}",
      journal        = "Phys. Rev.",
      volume         = "D96",
      year           = "2017",
      number         = "1",
      pages          = "014513",
      doi            = "10.1103/PhysRevD.96.014513",
      eprint         = "1610.03689",
      archivePrefix  = "arXiv",
      primaryClass   = "hep-lat",
      reportNumber   = "DESY-16-192, DESY-16---192",
      SLACcitation   = "%%CITATION = ARXIV:1610.03689;%%"
}
@article{Martinelli:1994ty,
      author         = "Martinelli, G. and Pittori, C. and Sachrajda, Christopher
                        T. and Testa, M. and Vladikas, A.",
      title          = "{A General method for nonperturbative renormalization of
                        lattice operators}",
      journal        = "Nucl. Phys.",
      volume         = "B445",
      year           = "1995",
      pages          = "81-108",
      doi            = "10.1016/0550-3213(95)00126-D",
      eprint         = "hep-lat/9411010",
      archivePrefix  = "arXiv",
      primaryClass   = "hep-lat",
      reportNumber   = "CERN-TH-7342-94, LPTHE-ORSAY-94-52, ROME-1022-1994,
                        SHEP-94-95-03",
      SLACcitation   = "%%CITATION = HEP-LAT/9411010;%%"
}
@article{Radyushkin:2016hsy,
      author         = "Radyushkin, Anatoly",
      title          = "{Nonperturbative Evolution of Parton
                        Quasi-Distributions}",
      journal        = "Phys. Lett.",
      volume         = "B767",
      year           = "2017",
      pages          = "314-320",
      eprint         = "1612.05170",
      archivePrefix  = "arXiv",
      primaryClass   = "hep-ph",
      reportNumber   = "JLAB-THY-16-2406",
      SLACcitation   = "%%CITATION = ARXIV:1612.05170;%%"
}
@article{Abdel-Rehim:2015pwa,
      author         = "Abdel-Rehim, A. and others",
      title          = "{First physics results at the physical pion mass from $N_f=2$ Wilson twisted mass fermions at maximal twist}",
      collaboration  = "ETM",
      journal        = "Phys. Rev.",
      volume         = "D95",
      year           = "2017",
      number         = "9",
      pages          = "094515",
      doi            = "10.1103/PhysRevD.95.094515",
      eprint         = "1507.05068",
      archivePrefix  = "arXiv",
      primaryClass   = "hep-lat",
      reportNumber   = "DESY-15-121",
      SLACcitation   = "%%CITATION = ARXIV:1507.05068;%%"
}
@article{Wang:2017qyg,
      author         = "Wang, Wei and Zhao, Shuai and Zhu, Ruilin",
      title          = "{Gluon quasidistribution function at one loop}",
      journal        = "Eur. Phys. J.",
      volume         = "C78",
      year           = "2018",
      number         = "2",
      pages          = "147",
      doi            = "10.1140/epjc/s10052-018-5617-3",
      eprint         = "1708.02458",
      archivePrefix  = "arXiv",
      primaryClass   = "hep-ph",
      SLACcitation   = "%%CITATION = ARXIV:1708.02458;%%"
}
@article{Li:2018tpe,
      author         = "Li, Zheng-Yang and Ma, Yan-Qing and Qiu, Jian-Wei",
      title          = "{Multiplicative Renormalizability of Operators defining
                        Quasiparton Distributions}",
      journal        = "Phys. Rev. Lett.",
      volume         = "122",
      year           = "2019",
      number         = "6",
      pages          = "062002",
      doi            = "10.1103/PhysRevLett.122.062002",
      eprint         = "1809.01836",
      archivePrefix  = "arXiv",
      primaryClass   = "hep-ph",
      reportNumber   = "JLAB-THY-18-2798",
      SLACcitation   = "%%CITATION = ARXIV:1809.01836;%%"
}
@article{Zhang:2018diq,
      author         = "Zhang, Jian-Hui and Ji, Xiangdong and Schäfer, Andreas
                        and Wang, Wei and Zhao, Shuai",
      title          = "{Accessing Gluon Parton Distributions in Large Momentum
                        Effective Theory}",
      journal        = "Phys. Rev. Lett.",
      volume         = "122",
      year           = "2019",
      number         = "14",
      pages          = "142001",
      doi            = "10.1103/PhysRevLett.122.142001",
      eprint         = "1808.10824",
      archivePrefix  = "arXiv",
      primaryClass   = "hep-ph",
      SLACcitation   = "%%CITATION = ARXIV:1808.10824;%%"
}
@article{Ji:2013dva,
      author         = "Ji, Xiangdong",
      title          = "{Parton Physics on a Euclidean Lattice}",
      journal        = "Phys.Rev.Lett.",
      volume         = "110",
      pages          = "262002",
      year           = "2013",
      eprint         = "1306.1539",
      archivePrefix  = "arXiv",
      primaryClass   = "hep-ph",
      SLACcitation   = "%%CITATION = ARXIV:1305.1539;%%",
}

@article{Radyushkin:2017cyf,
      author         = "Radyushkin, A. V.",
      title          = "{Quasi-parton distribution functions, momentum
                        distributions, and pseudo-parton distribution functions}",
      journal        = "Phys. Rev.",
      volume         = "D96",
      year           = "2017",
      number         = "3",
      pages          = "034025",
      doi            = "10.1103/PhysRevD.96.034025",
      eprint         = "1705.01488",
      archivePrefix  = "arXiv",
      primaryClass   = "hep-ph",
      reportNumber   = "JLAB-THY-17-2455",
      SLACcitation   = "%%CITATION = ARXIV:1705.01488;%%"
}

@article{AbdulKhalek:2019bux,
    author = "Abdul Khalek, Rabah and others",
    collaboration = "NNPDF",
    title = "{A first determination of parton distributions with theoretical uncertainties}",
    eprint = "1905.04311",
    archivePrefix = "arXiv",
    primaryClass = "hep-ph",
    reportNumber = "CAVENDISH-HEP-19-07, DAMTP-2019-20, Edinburgh 2019/07, Nikhef
  2019-013, TIF-UNIMI-2019-4",
    doi = "10.1140/epjc/s10052-019-7364-5",
    journal = "Eur. Phys. J.",
    volume = "C",
    pages = "79:838",
    year = "2019"
}

@article{Vogt:2004ns,
      author         = "Vogt, A.",
      title          = "{Efficient evolution of unpolarized and polarized parton
                        distributions with QCD-PEGASUS}",
      journal        = "Comput. Phys. Commun.",
      volume         = "170",
      year           = "2005",
      pages          = "65-92",
      doi            = "10.1016/j.cpc.2005.03.103",
      eprint         = "hep-ph/0408244",
      archivePrefix  = "arXiv",
      primaryClass   = "hep-ph",
      reportNumber   = "NIKHEF-04-011",
      SLACcitation   = "%%CITATION = HEP-PH/0408244;%%"
}

@article{Gao:2017yyd,
      author         = "Gao, Jun and Harland-Lang, Lucian and Rojo, Juan",
      title          = "{The Structure of the Proton in the LHC Precision Era}",
      journal        = "Phys. Rept.",
      volume         = "742",
      year           = "2018",
      pages          = "1-121",
      doi            = "10.1016/j.physrep.2018.03.002",
      eprint         = "1709.04922",
      archivePrefix  = "arXiv",
      primaryClass   = "hep-ph",
      SLACcitation   = "%%CITATION = ARXIV:1709.04922;%%"
}

@article{Lin:2017snn,
      author         = "Lin, Huey-Wen and others",
      title          = "{Parton distributions and lattice QCD calculations: a
                        community white paper}",
      journal        = "Prog. Part. Nucl. Phys.",
      volume         = "100",
      year           = "2018",
      pages          = "107-160",
      doi            = "10.1016/j.ppnp.2018.01.007",
      eprint         = "1711.07916",
      archivePrefix  = "arXiv",
      primaryClass   = "hep-ph",
      reportNumber   = "DESY-17-185, IFJPAN-IV-2017-19, INT-PUB-17-042,
                        JLAB-THY-17-2604, MSUHEP-17-017, OUTP-17-15P,
                        SMU-HEP-17-08, NIKHEF-2017-047",
      SLACcitation   = "%%CITATION = ARXIV:1711.07916;%%"
}

@article{AbdulKhalek:2019ihb,
    author = "Abdul Khalek, Rabah and others",
    collaboration = "NNPDF",
    title = "{Parton Distributions with Theory Uncertainties: General Formalism and First Phenomenological Studies}",
    eprint = "1906.10698",
    archivePrefix = "arXiv",
    primaryClass = "hep-ph",
    reportNumber = "Edinburgh 2019/9, Nikhef/2019-014, TIF-UNIMI-2019-9 DAMTP-2019-24,
  CAVENDISH-HEP-19-11",
    doi = "10.1140/epjc/s10052-019-7401-4",
    journal = "Eur. Phys. J. C",
    volume = "79",
    number = "11",
    pages = "931",
    year = "2019"
}
@article{Alexandrou:2018eet,
      author         = "Alexandrou, Constantia and Cichy, Krzysztof and
                        Constantinou, Martha and Jansen, Karl and Scapellato,
                        Aurora and Steffens, Fernanda",
      title          = "{Transversity parton distribution functions from lattice
                        QCD}",
      journal        = "Phys. Rev. D. (Rapid Communication), in production,",
      year           = "2018",
      eprint         = "1807.00232",
      archivePrefix  = "arXiv",
      primaryClass   = "hep-lat",
      SLACcitation   = "%%CITATION = ARXIV:1807.00232;%%"
}
@article{Zhang:2017bzy,
      author         = "Zhang, Jian-Hui and Chen, Jiunn-Wei and Ji, Xiangdong and
                        Jin, Luchang and Lin, Huey-Wen",
      title          = "{Pion Distribution Amplitude from Lattice QCD}",
      journal        = "Phys. Rev.",
      volume         = "D95",
      year           = "2017",
      number         = "9",
      pages          = "094514",
      doi            = "10.1103/PhysRevD.95.094514",
      eprint         = "1702.00008",
      archivePrefix  = "arXiv",
      primaryClass   = "hep-lat",
      SLACcitation   = "%%CITATION = ARXIV:1702.00008;%%"
}
@article{Lin:2017ani,
      author         = "Lin, Huey-Wen and Chen, Jiunn-Wei and Ishikawa, Tomomi
                        and Zhang, Jian-Hui",
      title          = "{Improved parton distribution functions at the physical
                        pion mass}",
      collaboration  = "LP3",
      journal        = "Phys. Rev.",
      volume         = "D98",
      year           = "2018",
      number         = "5",
      pages          = "054504",
      doi            = "10.1103/PhysRevD.98.054504",
      eprint         = "1708.05301",
      archivePrefix  = "arXiv",
      primaryClass   = "hep-lat",
      reportNumber   = "MSUHEP-17-014, MSUHEP-17-014",
      SLACcitation   = "%%CITATION = ARXIV:1708.05301;%%"
}
@article{Chen:2017gck,
      author         = "Zhang, Jian-Hui and Jin, Luchang and Lin, Huey-Wen and
                        Schäfer, Andreas and Sun, Peng and Yang, Yi-Bo and Zhang,
                        Rui and Zhao, Yong and Chen, Jiunn-Wei",
      title          = "{Kaon Distribution Amplitude from Lattice QCD and the
                        Flavor SU(3) Symmetry}",
      collaboration  = "LP3",
      journal        = "Nucl. Phys.",
      volume         = "B939",
      year           = "2019",
      pages          = "429-446",
      doi            = "10.1016/j.nuclphysb.2018.12.020",
      eprint         = "1712.10025",
      archivePrefix  = "arXiv",
      primaryClass   = "hep-ph",
      reportNumber   = "MSUHEP-17-023",
      SLACcitation   = "%%CITATION = ARXIV:1712.10025;%%"
}
@article{Chen:2018xof,
      author         = "Chen, Jiunn-Wei and Jin, Luchang and Lin, Huey-Wen and
                        Liu, Yu-Sheng and Yang, Yi-Bo and Zhang, Jian-Hui and
                        Zhao, Yong",
      title          = "{Lattice Calculation of Parton Distribution Function from
                        LaMET at Physical Pion Mass with Large Nucleon Momentum}",
      year           = "2018",
      eprint         = "1803.04393",
      archivePrefix  = "arXiv",
      primaryClass   = "hep-lat",
      reportNumber   = "MSUHEP-18-003, MIT-CTP/4991, MSUHEP-18-003, MIT-CTP-4991",
      SLACcitation   = "%%CITATION = ARXIV:1803.04393;%%"
}
@article{Chen:2018fwa,
      author         = "Chen, Jiunn-Wei and Jin, Luchang and Lin, Huey-Wen and
                        Liu, Yu-Sheng and Sch{\"a}fer, Andreas and Yang, Yi-Bo and
                        Zhang, Jian-Hui and Zhao, Yong",
      title          = "{First direct lattice-QCD calculation of the
                        $x$-dependence of the pion parton distribution function}",
      year           = "2018",
      eprint         = "1804.01483",
      archivePrefix  = "arXiv",
      primaryClass   = "hep-lat",
      SLACcitation   = "%%CITATION = ARXIV:1804.01483;%%"
}
@article{Lin:2018qky,
      author         = "Lin, Huey-Wen and Chen, Jiunn-Wei and Ji, Xiangdong and
                        Jin, Luchang and Li, Ruizi and Liu, Yu-Sheng and Yang,
                        Yi-Bo and Zhang, Jian-Hui and Zhao, Yong",
      title          = "{Proton Isovector Helicity Distribution on the Lattice at
                        Physical Pion Mass}",
      journal        = "Phys. Rev. Lett.",
      volume         = "121",
      year           = "2018",
      number         = "24",
      pages          = "242003",
      doi            = "10.1103/PhysRevLett.121.242003",
      eprint         = "1807.07431",
      archivePrefix  = "arXiv",
      primaryClass   = "hep-lat",
      reportNumber   = "MSUHEP-18-013, MIT-CTP/5032",
      SLACcitation   = "%%CITATION = ARXIV:1807.07431;%%"
}
@article{Liu:2018uuj,
      author         = "Liu, Yu-Sheng and Chen, Jiunn-Wei and Jin, Luchang and
                        Lin, Huey-Wen and Yang, Yi-Bo and Zhang, Jian-Hui and
                        Zhao, Yong",
      title          = "{Unpolarized quark distribution from lattice QCD: A
                        systematic analysis of renormalization and matching}",
      year           = "2018",
      eprint         = "1807.06566",
      archivePrefix  = "arXiv",
      primaryClass   = "hep-lat",
      SLACcitation   = "%%CITATION = ARXIV:1807.06566;%%"
}
@article{Fan:2018dxu,
      author         = "Fan, Zhou-You and Yang, Yi-Bo and Anthony, Adam and Lin,
                        Huey-Wen and Liu, Keh-Fei",
      title          = "{Gluon Quasi-Parton-Distribution Functions from Lattice
                        QCD}",
      journal        = "Phys. Rev. Lett.",
      volume         = "121",
      year           = "2018",
      number         = "24",
      pages          = "242001",
      doi            = "10.1103/PhysRevLett.121.242001",
      eprint         = "1808.02077",
      archivePrefix  = "arXiv",
      primaryClass   = "hep-lat",
      SLACcitation   = "%%CITATION = ARXIV:1808.02077;%%"
}
@article{Liu:2018hxv,
      author         = "Liu, Yu-Sheng and Chen, Jiunn-Wei and Jin, Luchang and
                        Li, Ruizi and Lin, Huey-Wen and Yang, Yi-Bo and Zhang,
                        Jian-Hui and Zhao, Yong",
      title          = "{Nucleon Transversity Distribution at the Physical Pion
                        Mass from Lattice QCD}",
      year           = "2018",
      eprint         = "1810.05043",
      archivePrefix  = "arXiv",
      primaryClass   = "hep-lat",
      reportNumber   = "MSUHEP-18-019, MIT-CTP/5033",
      SLACcitation   = "%%CITATION = ARXIV:1810.05043;%%"
}
@article{Izubuchi:2019lyk,
      author         = "Izubuchi, Taku and Jin, Luchang and Kallidonis, Christos
                        and Karthik, Nikhil and Mukherjee, Swagato and Petreczky,
                        Peter and Shugert, Charles and Syritsyn, Sergey",
      title          = "{Valence parton distribution function of pion from fine
                        lattice}",
      year           = "2019",
      eprint         = "1905.06349",
      archivePrefix  = "arXiv",
      primaryClass   = "hep-lat",
      SLACcitation   = "%%CITATION = ARXIV:1905.06349;%%"
}
@article{Ji:2014gla,
      author         = "Ji, Xiangdong",
      title          = "{Parton Physics from Large-Momentum Effective Field
                        Theory}",
      journal        = "Sci. China Phys. Mech. Astron.",
      volume         = "57",
      year           = "2014",
      pages          = "1407-1412",
      doi            = "10.1007/s11433-014-5492-3",
      eprint         = "1404.6680",
      archivePrefix  = "arXiv",
      primaryClass   = "hep-ph",
      SLACcitation   = "%%CITATION = ARXIV:1404.6680;%%"
}
@article{Ji:2017oey,
      author         = "Ji, Xiangdong and Zhang, Jian-Hui and Zhao, Yong",
      title          = "{Renormalization in Large Momentum Effective Theory of
                        Parton Physics}",
      journal        = "Phys. Rev. Lett.",
      volume         = "120",
      year           = "2018",
      number         = "11",
      pages          = "112001",
      doi            = "10.1103/PhysRevLett.120.112001",
      eprint         = "1706.08962",
      archivePrefix  = "arXiv",
      primaryClass   = "hep-ph",
      SLACcitation   = "%%CITATION = ARXIV:1706.08962;%%"
}
@article{Ma:2014jla,
      author         = "Ma, Yan-Qing and Qiu, Jian-Wei",
      title          = "{Extracting Parton Distribution Functions from Lattice
                        QCD Calculations}",
      journal        = "Phys. Rev.",
      volume         = "D98",
      year           = "2018",
      number         = "7",
      pages          = "074021",
      doi            = "10.1103/PhysRevD.98.074021",
      eprint         = "1404.6860",
      archivePrefix  = "arXiv",
      primaryClass   = "hep-ph",
      SLACcitation   = "%%CITATION = ARXIV:1404.6860;%%"
}
@article{Briceno:2017cpo,
      author         = "Brice{\~n}o, Ra{\'u}l A. and Hansen, Maxwell T. and Monahan,
                        Christopher J.",
      title          = "{Role of the Euclidean signature in lattice calculations
                        of quasidistributions and other nonlocal matrix elements}",
      journal        = "Phys. Rev.",
      volume         = "D96",
      year           = "2017",
      number         = "1",
      pages          = "014502",
      doi            = "10.1103/PhysRevD.96.014502",
      eprint         = "1703.06072",
      archivePrefix  = "arXiv",
      primaryClass   = "hep-lat",
      reportNumber   = "JLAB-THY-17-2434",
      SLACcitation   = "%%CITATION = ARXIV:1703.06072;%%"
}
@article{Ji:2015qla,
      author         = "Ji, Xiangdong and Sch{\"a}fer, Andreas and Xiong, Xiaonu and
                        Zhang, Jian-Hui",
      title          = "{One-Loop Matching for Generalized Parton Distributions}",
      journal        = "Phys. Rev.",
      volume         = "D92",
      year           = "2015",
      pages          = "014039",
      doi            = "10.1103/PhysRevD.92.014039",
      eprint         = "1506.00248",
      archivePrefix  = "arXiv",
      primaryClass   = "hep-ph",
      SLACcitation   = "%%CITATION = ARXIV:1506.00248;%%"
}
@article{Xiong:2015nua,
      author         = "Xiong, Xiaonu and Zhang, Jian-Hui",
      title          = "{One-loop matching for transversity generalized parton
                        distribution}",
      journal        = "Phys. Rev.",
      volume         = "D92",
      year           = "2015",
      number         = "5",
      pages          = "054037",
      doi            = "10.1103/PhysRevD.92.054037",
      eprint         = "1509.08016",
      archivePrefix  = "arXiv",
      primaryClass   = "hep-ph",
      SLACcitation   = "%%CITATION = ARXIV:1509.08016;%%"
}
@article{Orginos:2017kos,
      author         = "Orginos, Kostas and Radyushkin, Anatoly and Karpie,
                        Joseph and Zafeiropoulos, Savvas",
      title          = "{Lattice QCD exploration of parton pseudo-distribution
                        functions}",
      journal        = "Phys. Rev.",
      volume         = "D96",
      year           = "2017",
      number         = "9",
      pages          = "094503",
      doi            = "10.1103/PhysRevD.96.094503",
      eprint         = "1706.05373",
      archivePrefix  = "arXiv",
      primaryClass   = "hep-ph",
      reportNumber   = "JLAB-THY-17-2494",
      SLACcitation   = "%%CITATION = ARXIV:1706.05373;%%"
}
@article{Ji:2017rah,
      author         = "Ji, Xiangdong and Zhang, Jian-Hui and Zhao, Yong",
      title          = "{More On Large-Momentum Effective Theory Approach to
                        Parton Physics}",
      journal        = "Nucl. Phys.",
      volume         = "B924",
      year           = "2017",
      pages          = "366-376",
      doi            = "10.1016/j.nuclphysb.2017.09.001",
      eprint         = "1706.07416",
      archivePrefix  = "arXiv",
      primaryClass   = "hep-ph",
      SLACcitation   = "%%CITATION = ARXIV:1706.07416;%%"
}
@article{Radyushkin:2018nbf,
      author         = "Radyushkin, A. V.",
      title          = "{Structure of parton quasi-distributions and their
                        moments}",
      journal        = "Phys. Lett.",
      volume         = "B788",
      year           = "2019",
      pages          = "380-387",
      doi            = "10.1016/j.physletb.2018.11.047",
      eprint         = "1807.07509",
      archivePrefix  = "arXiv",
      primaryClass   = "hep-ph",
      reportNumber   = "JLAB-THY-18-2768",
      SLACcitation   = "%%CITATION = ARXIV:1807.07509;%%"
}
@article{Karpie:2018zaz,
      author         = "Karpie, Joseph and Orginos, Kostas and Zafeiropoulos,
                        Savvas",
      title          = "{Moments of Ioffe time parton distribution functions from
                        non-local matrix elements}",
      journal        = "JHEP",
      volume         = "11",
      year           = "2018",
      pages          = "178",
      doi            = "10.1007/JHEP11(2018)178",
      eprint         = "1807.10933",
      archivePrefix  = "arXiv",
      primaryClass   = "hep-lat",
      SLACcitation   = "%%CITATION = ARXIV:1807.10933;%%"
}
@article{Detmold:2005gg,
      author         = "Detmold, William and Lin, C. J. David",
      title          = "{Deep-inelastic scattering and the operator product
                        expansion in lattice QCD}",
      journal        = "Phys. Rev.",
      volume         = "D73",
      year           = "2006",
      pages          = "014501",
      doi            = "10.1103/PhysRevD.73.014501",
      eprint         = "hep-lat/0507007",
      archivePrefix  = "arXiv",
      primaryClass   = "hep-lat",
      reportNumber   = "INT-PUB-05-16, UW-PT-05-17, NT-UW-05-05",
      SLACcitation   = "%%CITATION = HEP-LAT/0507007;%%"
}
@article{Braun:2007wv,
      author         = "Braun, V. and Mueller, Dieter",
      title          = "{Exclusive processes in position space and the pion
                        distribution amplitude}",
      journal        = "Eur. Phys. J.",
      volume         = "C55",
      year           = "2008",
      pages          = "349-361",
      doi            = "10.1140/epjc/s10052-008-0608-4",
      eprint         = "0709.1348",
      archivePrefix  = "arXiv",
      primaryClass   = "hep-ph",
      reportNumber   = "IPPP-07-54, DCPT-07-108",
      SLACcitation   = "%%CITATION = ARXIV:0709.1348;%%"
}
@article{Sufian:2019bol,
      author         = "Sufian, Raza Sabbir and Karpie, Joseph and Egerer, Colin
                        and Orginos, Kostas and Qiu, Jian-Wei and Richards, David
                        G.",
      title          = "{Pion Valence Quark Distribution from Matrix Element
                        Calculated in Lattice QCD}",
      journal        = "Phys. Rev.",
      volume         = "D99",
      year           = "2019",
      number         = "7",
      pages          = "074507",
      doi            = "10.1103/PhysRevD.99.074507",
      eprint         = "1901.03921",
      archivePrefix  = "arXiv",
      primaryClass   = "hep-lat",
      reportNumber   = "JLAB-THY-19-2847",
      SLACcitation   = "%%CITATION = ARXIV:1901.03921;%%"
}
@article{Green:2017xeu,
      author         = "Green, Jeremy and Jansen, Karl and Steffens, Fernanda",
      title          = "{Nonperturbative Renormalization of Nonlocal Quark
                        Bilinears for Parton Quasidistribution Functions on the
                        Lattice Using an Auxiliary Field}",
      journal        = "Phys. Rev. Lett.",
      volume         = "121",
      year           = "2018",
      number         = "2",
      pages          = "022004",
      doi            = "10.1103/PhysRevLett.121.022004",
      eprint         = "1707.07152",
      archivePrefix  = "arXiv",
      primaryClass   = "hep-lat",
      reportNumber   = "DESY-17-109, DESY 17-109",
      SLACcitation   = "%%CITATION = ARXIV:1707.07152;%%"
}
@article{Ishikawa:2016znu,
      author         = "Ishikawa, Tomomi and Ma, Yan-Qing and Qiu, Jian-Wei and Yoshida, Shinsuke",
      title          = "{Practical quasi parton distribution functions}",
      year           = "2016",
      eprint         = "1609.02018",
      archivePrefix  = "arXiv",
      primaryClass   = "hep-lat",
      reportNumber   = "RBRC-1199",
      SLACcitation   = "%%CITATION = ARXIV:1609.02018;%%"
}
@article{Ji:2015jwa,
      author         = "Ji, Xiangdong and Zhang, Jian-Hui",
      title          = "{Renormalization of quasiparton distribution}",
      journal        = "Phys. Rev.",
      volume         = "D92",
      year           = "2015",
      pages          = "034006",
      doi            = "10.1103/PhysRevD.92.034006",
      eprint         = "1505.07699",
      archivePrefix  = "arXiv",
      primaryClass   = "hep-ph",
      SLACcitation   = "%%CITATION = ARXIV:1505.07699;%%"
}
@article{Alexandrou:2019lfo,
      author         = "Alexandrou, Constantia and Cichy, Krzysztof and
                        Constantinou, Martha and Hadjiyiannakou, Kyriakos and
                        Jansen, Karl and Scapellato, Aurora and Steffens,
                        Fernanda",
      title          = "{Systematic uncertainties in parton distribution
                        functions from lattice QCD simulations at the physical
                        point}",
      journal        = "Phys. Rev.",
      volume         = "D99",
      year           = "2019",
      number         = "11",
      pages          = "114504",
      doi            = "10.1103/PhysRevD.99.114504",
      eprint         = "1902.00587",
      archivePrefix  = "arXiv",
      primaryClass   = "hep-lat",
      SLACcitation   = "%%CITATION = ARXIV:1902.00587;%%"
}

@misc{zahari_kassabov_2019_2571601,
  author       = {Zahari Kassabov},
  title        = {{Reportengine: A framework for declarative data 
                   analysis}},
  month        = feb,
  year         = 2019,
  doi          = {10.5281/zenodo.2571601},
  howpublished          = {https://doi.org/10.5281/zenodo.2571601}
}

@article{Dulat:2015mca,
      author         = "Dulat, Sayipjamal and Hou, Tie-Jiun and Gao, Jun and
                        Guzzi, Marco and Huston, Joey and Nadolsky, Pavel and
                        Pumplin, Jon and Schmidt, Carl and Stump, Daniel and Yuan,
                        C. P.",
      title          = "{New parton distribution functions from a global analysis
                        of quantum chromodynamics}",
      journal        = "Phys. Rev.",
      volume         = "D93",
      year           = "2016",
      number         = "3",
      pages          = "033006",
      doi            = "10.1103/PhysRevD.93.033006",
      eprint         = "1506.07443",
      archivePrefix  = "arXiv",
      primaryClass   = "hep-ph",
      SLACcitation   = "%%CITATION = ARXIV:1506.07443;%%"
}

@article{Alekhin:2017kpj,
      author         = "Alekhin, S. and Blümlein, J. and Moch, S. and Placakyte,
                        R.",
      title          = "{Parton distribution functions, $\alpha_s$, and
                        heavy-quark masses for LHC Run II}",
      journal        = "Phys. Rev.",
      volume         = "D96",
      year           = "2017",
      number         = "1",
      pages          = "014011",
      doi            = "10.1103/PhysRevD.96.014011",
      eprint         = "1701.05838",
      archivePrefix  = "arXiv",
      primaryClass   = "hep-ph",
      reportNumber   = "DESY-16-179, DO-TH-16-13",
      SLACcitation   = "%%CITATION = ARXIV:1701.05838;%%"
}

@article{Martin:2009iq,
      author         = "Martin, A. D. and Stirling, W. J. and Thorne, R. S. and
                        Watt, G.",
      title          = "{Parton distributions for the LHC}",
      journal        = "Eur. Phys. J.",
      volume         = "C63",
      year           = "2009",
      pages          = "189-285",
      doi            = "10.1140/epjc/s10052-009-1072-5",
      eprint         = "0901.0002",
      archivePrefix  = "arXiv",
      primaryClass   = "hep-ph",
      reportNumber   = "IPPP-08-95, DCPT-08-190, CAVENDISH-HEP-08-16",
      SLACcitation   = "%%CITATION = ARXIV:0901.0002;%%"
}

@article{Buckley:2014ana,
      author         = "Buckley, Andy and Ferrando, James and Lloyd, Stephen and
                        Nordström, Karl and Page, Ben and Rüfenacht, Martin and
                        Schönherr, Marek and Watt, Graeme",
      title          = "{LHAPDF6: parton density access in the LHC precision
                        era}",
      journal        = "Eur. Phys. J.",
      volume         = "C75",
      year           = "2015",
      pages          = "132",
      doi            = "10.1140/epjc/s10052-015-3318-8",
      eprint         = "1412.7420",
      archivePrefix  = "arXiv",
      primaryClass   = "hep-ph",
      reportNumber   = "GLAS-PPE-2014-05, MCNET-14-29, IPPP-14-111, DCPT-14-222",
      SLACcitation   = "%%CITATION = ARXIV:1412.7420;%%"
}

@article{Bertone:2016lga,
      author         = "Bertone, Valerio and Carrazza, Stefano and Hartland,
                        Nathan P.",
      title          = "{APFELgrid: a high performance tool for parton density
                        determinations}",
      journal        = "Comput. Phys. Commun.",
      volume         = "212",
      year           = "2017",
      pages          = "205-209",
      doi            = "10.1016/j.cpc.2016.10.006",
      eprint         = "1605.02070",
      archivePrefix  = "arXiv",
      primaryClass   = "hep-ph",
      reportNumber   = "CERN-TH-2016-103",
      SLACcitation   = "%%CITATION = ARXIV:1605.02070;%%"
}

@article{Bertone:2017tyb,
      author         = "Bertone, Valerio and Carrazza, Stefano and Hartland,
                        Nathan P. and Nocera, Emanuele R. and Rojo, Juan",
      title          = "{A determination of the fragmentation functions of pions,
                        kaons, and protons with faithful uncertainties}",
      collaboration  = "NNPDF",
      journal        = "Eur. Phys. J.",
      volume         = "C77",
      year           = "2017",
      number         = "8",
      pages          = "516",
      doi            = "10.1140/epjc/s10052-017-5088-y",
      eprint         = "1706.07049",
      archivePrefix  = "arXiv",
      primaryClass   = "hep-ph",
      reportNumber   = "CERN-TH-2017-122, OUTP-16-15P, NIKHEF-2016-047",
      SLACcitation   = "%%CITATION = ARXIV:1706.07049;%%"
}

@article{Bali:2017gfr,
      author         = "Bali, Gunnar S. and others",
      title          = "{Pion distribution amplitude from Euclidean correlation
                        functions}",
      booktitle      = "{Proceedings, 35th International Symposium on Lattice
                        Field Theory (Lattice 2017): Granada, Spain, June 18-24,
                        2017}",
      journal        = "Eur. Phys. J.",
      volume         = "C78",
      year           = "2018",
      number         = "3",
      pages          = "217",
      doi            = "10.1140/epjc/s10052-018-5700-9",
      eprint         = "1709.04325",
      archivePrefix  = "arXiv",
      primaryClass   = "hep-lat",
      SLACcitation   = "%%CITATION = ARXIV:1709.04325;%%"
}

@article{Braun:1994jq,
      author         = "Braun, V. and Gornicki, P. and Mankiewicz, L.",
      title          = "{Ioffe - time distributions instead of parton momentum
                        distributions in description of deep inelastic
                        scattering}",
      journal        = "Phys. Rev.",
      volume         = "D51",
      year           = "1995",
      pages          = "6036-6051",
      doi            = "10.1103/PhysRevD.51.6036",
      eprint         = "hep-ph/9410318",
      archivePrefix  = "arXiv",
      primaryClass   = "hep-ph",
      reportNumber   = "DESY-94-181",
      SLACcitation   = "%%CITATION = HEP-PH/9410318;%%"
}


@article{Joo:2019jct,
      author         = "Joó, Bálint and Karpie, Joseph and Orginos, Kostas and
                        Radyushkin, Anatoly and Richards, David and Zafeiropoulos,
                        Savvas",
      title          = "{Parton Distribution Functions from Ioffe time
                        pseudo-distributions}",
      year           = "2019",
      eprint         = "1908.09771",
      archivePrefix  = "arXiv",
      primaryClass   = "hep-lat",
      SLACcitation   = "%%CITATION = ARXIV:1908.09771;%%"
}

@article{Radyushkin:2017lvu,
      author         = "Radyushkin, A. V.",
      title          = "{Quark pseudodistributions at short distances}",
      journal        = "Phys. Lett.",
      volume         = "B781",
      year           = "2018",
      pages          = "433-442",
      doi            = "10.1016/j.physletb.2018.04.023",
      eprint         = "1710.08813",
      archivePrefix  = "arXiv",
      primaryClass   = "hep-ph",
      reportNumber   = "JLAB-THY-17-2579",
      SLACcitation   = "%%CITATION = ARXIV:1710.08813;%%"
}

@article{Radyushkin:2018cvn,
      author         = "Radyushkin, Anatoly",
      title          = "{One-loop evolution of parton pseudo-distribution
                        functions on the lattice}",
      journal        = "Phys. Rev.",
      volume         = "D98",
      year           = "2018",
      number         = "1",
      pages          = "014019",
      doi            = "10.1103/PhysRevD.98.014019",
      eprint         = "1801.02427",
      archivePrefix  = "arXiv",
      primaryClass   = "hep-ph",
      reportNumber   = "JLAB-THY-18-2613",
      SLACcitation   = "%%CITATION = ARXIV:1801.02427;%%"
}

@article{AbdulKhalek:2020jut,
    author = "Abdul Khalek, Rabah and others",
    title = "{Phenomenology of NNLO jet production at the LHC and its impact on parton distributions}",
    eprint = "2005.11327",
    archivePrefix = "arXiv",
    primaryClass = "hep-ph",
    reportNumber = "CERN-TH-2020-073, IPPP/20/17, Nikhef/2020-001, TIF-UNIMI-2020-3, ZU-TH 15/20, TIF-UNIMI-2020-3,
  ZU-TH 15/20",
    doi = "10.1140/epjc/s10052-020-8328-5",
    journal = "Eur. Phys. J. C",
    volume = "80",
    number = "8",
    pages = "797",
    year = "2020"
}

@article{Forte:2019hjc,
    author = "Forte, Stefano and Giani, Tommaso and Napoletano, Davide",
    title = "{Fitting the b-quark PDF as a massive-b scheme: Higgs production in bottom fusion}",
    eprint = "1905.02207",
    archivePrefix = "arXiv",
    primaryClass = "hep-ph",
    reportNumber = "TIF-UNIMI-2019-3",
    doi = "10.1140/epjc/s10052-019-7119-3",
    journal = "Eur. Phys. J. C",
    volume = "79",
    number = "7",
    pages = "609",
    year = "2019"
}

@Article{Cichy2019,
author="Cichy, Krzysztof
and Del Debbio, Luigi
and Giani, Tommaso",
title="Parton distributions from lattice data: the nonsinglet case",
journal="Journal of High Energy Physics",
year="2019",
month="Oct",
day="10",
volume="2019",
number="10",
pages="137",
abstract="We revise the relation between Parton Distribution Functions (PDFs) and matrix elements computable from lattice QCD, focusing on the quasi-Parton Distribution Functions (qPDFs) approach. We exploit the relation between PDFs and qPDFs in the case of the unpolarized isovector parton distribution to obtain a factorization formula relating the real and imaginary part of qPDFs matrix elements to specific nonsinglet distributions, and we propose a general framework to extract PDFs from the available lattice data, treating them on the same footing as experimental data. We implement the proposed approach within the NNPDF framework, and we study the potentiality of such lattice data in constraining PDFs, assuming some plausible scenarios to assess the unknown systematic uncertainties. We finally extract the two nonsinglet distributions involved in our analysis from a selection of the available lattice data.",
issn="1029-8479",
doi="10.1007/JHEP10(2019)137",
url="https://doi.org/10.1007/JHEP10(2019)137"
}

@article{Cossu:2018pxj,
    author = "Cossu, Guido and Del Debbio, Luigi and Giani, Tommaso and Khamseh, Ava and Wilson, Michael",
    title = "{Machine learning determination of dynamical parameters: The Ising model case}",
    eprint = "1810.11503",
    archivePrefix = "arXiv",
    primaryClass = "physics.comp-ph",
    doi = "10.1103/PhysRevB.100.064304",
    journal = "Phys. Rev. B",
    volume = "100",
    number = "6",
    pages = "064304",
    year = "2019"
}
