@article{Zhao:2018fyu,
    author = "Zhao, Yong",
    archivePrefix = "arXiv",
    doi = "10.1142/S0217751X18300338",
    eprint = "1812.07192",
    journal = "Int. J. Mod. Phys. A",
    number = "36",
    pages = "1830033",
    primaryClass = "hep-ph",
    reportNumber = "MIT-CTP/5093",
    title = "{Unraveling high-energy hadron structures with lattice QCD}",
    volume = "33",
    year = "2019"
}
@article{Radyushkin:2019mye,
      author         = "Radyushkin, A. V.",
      title          = "{Theory and applications of parton pseudodistributions}",
      year           = "2019",
      eprint         = "1912.04244",
      archivePrefix  = "arXiv",
      primaryClass   = "hep-ph",
      reportNumber   = "JLAB-THY-19-3118",
      SLACcitation   = "%%CITATION = ARXIV:1912.04244;%%"
}
@article{Ji:2020ect,
    author = "Ji, Xiangdong and Liu, Yu-Sheng and Liu, Yizhuang and Zhang, Jian-Hui and Zhao, Yong",
    title = "{Large-Momentum Effective Theory}",
    eprint = "2004.03543",
    archivePrefix = "arXiv",
    primaryClass = "hep-ph",
    month = "4",
    year = "2020"
}
@article{Lin:2020rut,
    author = "Lin, Huey-Wen and others",
    title = "{Parton distributions and lattice QCD calculations: toward 3D structure}",
    eprint = "2006.08636",
    archivePrefix = "arXiv",
    primaryClass = "hep-ph",
    reportNumber = "Nikhef 2020-018; MIT-CTP/5213; MSUHEP-20-012; IFJPAN-IV-2020-3;
  SMU-HEP-20-03, Nikhef 2020-018, MIT-CTP/5213, MSUHEP-20-012, IFJPAN-IV-2020-3, SMU-HEP-20-03",
    month = "6",
    year = "2020"
}
@article{DelDebbio:2018siw,
    author = "Del Debbio, Luigi",
    editor = "Della Morte, M. and Fritzsch, P. and Gámiz Sánchez, E. and Pena Ruano, C.",
    doi = "10.1051/epjconf/201817501006",
    journal = "EPJ Web Conf.",
    pages = "01006",
    title = "{Parton distributions in the LHC era}",
    volume = "175",
    year = "2018"
}
@article{Rossi:2018zkn,
      author         = "Rossi, Giancarlo and Testa, Massimo",
      title          = "{Euclidean versus Minkowski short distance}",
      journal        = "Phys. Rev.",
      volume         = "D98",
      year           = "2018",
      number         = "5",
      pages          = "054028",
      doi            = "10.1103/PhysRevD.98.054028",
      eprint         = "1806.00808",
      archivePrefix  = "arXiv",
      primaryClass   = "hep-lat",
      SLACcitation   = "%%CITATION = ARXIV:1806.00808;%%"
}

@article{Rossi:2017muf,
      author         = "Rossi, G. C. and Testa, M.",
      title          = "{Note on lattice regularization and equal-time
                        correlators for parton distribution functions}",
      journal        = "Phys. Rev.",
      volume         = "D96",
      year           = "2017",
      number         = "1",
      pages          = "014507",
      doi            = "10.1103/PhysRevD.96.014507",
      eprint         = "1706.04428",
      archivePrefix  = "arXiv",
      primaryClass   = "hep-lat",
      SLACcitation   = "%%CITATION = ARXIV:1706.04428;%%"
}

@article{Cichy:2019ebf,
    author = "Cichy, Krzysztof and Del Debbio, Luigi and Giani, Tommaso",
    title = "{Parton distributions from lattice data: the nonsinglet case}",
    eprint = "1907.06037",
    archivePrefix = "arXiv",
    primaryClass = "hep-ph",
    doi = "10.1007/JHEP10(2019)137",
    journal = "JHEP",
    volume = "10",
    pages = "137",
    year = "2019"
}

@article{Zhang:2018ggy,
    author = "Zhang, Jian-Hui and Chen, Jiunn-Wei and Monahan, Christopher",
    archivePrefix = "arXiv",
    doi = "10.1103/PhysRevD.97.074508",
    eprint = "1801.03023",
    journal = "Phys. Rev. D",
    number = "7",
    pages = "074508",
    primaryClass = "hep-ph",
    title = "{Parton distribution functions from reduced Ioffe-time distributions}",
    volume = "97",
    year = "2018"
}
@article{Joo:2020spy,
    author = "Joó, Bálint and Karpie, Joseph and Orginos, Kostas and Radyushkin, Anatoly V. and Richards, David G. and Zafeiropoulos, Savvas",
    title = "{Parton Distribution Functions from Ioffe time pseudo-distributions from lattice caclulations; approaching the physical point}",
    eprint = "2004.01687",
    archivePrefix = "arXiv",
    primaryClass = "hep-lat",
    reportNumber = "JLAB-THY-20-3161",
    month = "4",
    year = "2020"
}
@article{Radyushkin:2019owq,
    author = "Radyushkin, Anatoly V.",
    title = "{Generalized parton distributions and pseudodistributions}",
    eprint = "1909.08474",
    archivePrefix = "arXiv",
    primaryClass = "hep-ph",
    reportNumber = "JLAB-THY-19-3039",
    doi = "10.1103/PhysRevD.100.116011",
    journal = "Phys. Rev. D",
    volume = "100",
    number = "11",
    pages = "116011",
    year = "2019"
}
@article{Joo:2019bzr,
    author = "Joó, Bálint and Karpie, Joseph and Orginos, Kostas and Radyushkin, Anatoly V. and Richards, David G. and Sufian, Raza Sabbir and Zafeiropoulos, Savvas",
    title = "{Pion valence structure from Ioffe-time parton pseudodistribution functions}",
    eprint = "1909.08517",
    archivePrefix = "arXiv",
    primaryClass = "hep-lat",
    reportNumber = "JLAB-THY-19-3038",
    doi = "10.1103/PhysRevD.100.114512",
    journal = "Phys. Rev. D",
    volume = "100",
    number = "11",
    pages = "114512",
    year = "2019"
}
@article{Bhat:2020ktg,
    author = "Bhat, Manjunath and Cichy, Krzysztof and Constantinou, Martha and Scapellato, Aurora",
    title = "{Parton distribution functions from lattice QCD at physical quark masses via the pseudo-distribution approach}",
    eprint = "2005.02102",
    archivePrefix = "arXiv",
    primaryClass = "hep-lat",
    month = "5",
    year = "2020"
}
@article{Chai:2020nxw,
    author = "Chai, Yahui and others",
    title = "{Parton distribution functions of $\Delta^+$ on the lattice}",
    eprint = "2002.12044",
    archivePrefix = "arXiv",
    primaryClass = "hep-lat",
    month = "2",
    year = "2020"
}
@article{Monahan:2016bvm,
    author = "Monahan, Chirstopher and Orginos, Kostas",
    title = "{Quasi parton distributions and the gradient flow}",
    eprint = "1612.01584",
    archivePrefix = "arXiv",
    primaryClass = "hep-lat",
    reportNumber = "JLAB-THY-16-2402",
    doi = "10.1007/JHEP03(2017)116",
    journal = "JHEP",
    volume = "03",
    pages = "116",
    year = "2017"
}

@article{Monahan:2017hpu,
    author = "Monahan, Christopher",
    title = "{Smeared quasidistributions in perturbation theory}",
    eprint = "1710.04607",
    archivePrefix = "arXiv",
    primaryClass = "hep-lat",
    reportNumber = "INT-PUB-17-043",
    doi = "10.1103/PhysRevD.97.054507",
    journal = "Phys. Rev. D",
    volume = "97",
    number = "5",
    pages = "054507",
    year = "2018"
}

@article{Narayanan:2006rf,
    author = "Narayanan, R. and Neuberger, H.",
    title = "{Infinite N phase transitions in continuum Wilson loop operators}",
    eprint = "hep-th/0601210",
    archivePrefix = "arXiv",
    doi = "10.1088/1126-6708/2006/03/064",
    journal = "JHEP",
    volume = "03",
    pages = "064",
    year = "2006"
}

@article{Luscher:2011bx,
    author = "Luscher, Martin and Weisz, Peter",
    title = "{Perturbative analysis of the gradient flow in non-abelian gauge theories}",
    eprint = "1101.0963",
    archivePrefix = "arXiv",
    primaryClass = "hep-th",
    reportNumber = "CERN-PH-TH-2010-290, MPP-2010-165",
    doi = "10.1007/JHEP02(2011)051",
    journal = "JHEP",
    volume = "02",
    pages = "051",
    year = "2011"
}

@article{Luscher:2013cpa,
    author = "Luscher, Martin",
    title = "{Chiral symmetry and the Yang--Mills gradient flow}",
    eprint = "1302.5246",
    archivePrefix = "arXiv",
    primaryClass = "hep-lat",
    reportNumber = "CERN-PH-TH-2013-023",
    doi = "10.1007/JHEP04(2013)123",
    journal = "JHEP",
    volume = "04",
    pages = "123",
    year = "2013"
}

@article{Monahan:2015lha,
    author = "Monahan, Christopher and Orginos, Kostas",
    title = "{Locally smeared operator product expansions in scalar field theory}",
    eprint = "1501.05348",
    archivePrefix = "arXiv",
    primaryClass = "hep-lat",
    reportNumber = "JLAB-THY-15-2008",
    doi = "10.1103/PhysRevD.91.074513",
    journal = "Phys. Rev. D",
    volume = "91",
    number = "7",
    pages = "074513",
    year = "2015"
}

@article{Monahan:2015fjf,
    author = "Monahan, Christopher",
    title = "{The gradient flow in simple field theories}",
    eprint = "1512.00294",
    archivePrefix = "arXiv",
    primaryClass = "hep-lat",
    doi = "10.22323/1.251.0052",
    journal = "PoS",
    volume = "LATTICE2015",
    pages = "052",
    year = "2016"
}

@article{Fujikawa:2016qis,
    author = "Fujikawa, Kazuo",
    title = "{The gradient flow in $\lambda\phi^{4}$ theory}",
    eprint = "1601.01578",
    archivePrefix = "arXiv",
    primaryClass = "hep-lat",
    doi = "10.1007/JHEP03(2016)021",
    journal = "JHEP",
    volume = "03",
    pages = "021",
    year = "2016"
}
@article{Luscher:2013vga,
    author = "Lüscher, Martin",
    title = "{Future applications of the Yang-Mills gradient flow in lattice QCD}",
    eprint = "1308.5598",
    archivePrefix = "arXiv",
    primaryClass = "hep-lat",
    reportNumber = "CERN-PH-TH-2013-201",
    doi = "10.22323/1.187.0016",
    journal = "PoS",
    volume = "LATTICE2013",
    pages = "016",
    year = "2014"
}
@article{Jones:2007,
    author = "Jones, D.S.",
    doi = "10.1017/S0013091505000490",
    journal = "Proc.~of the Edinburgh Math.~Soc.",
    pages = "173",
    title = "{Incomplete Bessel Functions. I}",
    volume = "50",
    year = "2007"
}

@article{Harris:2008,
    author = "Harris, Frank E.",
    journal = "J.~Comp.~App.~Math.",
    pages = "260",
    title = "{Incomplete Bessel, generalized incomplete gamma, or leaky aquifer functions}",
    volume = "215",
    year = "2008"
}

@article{Cichetti:2004,
    author = "Cichetti, Renato and Faraone, Antonio",
    journal = "IEEE Transactions on Antennas and Propagation",
    pages = "3373",
    title = "{Incomplete Hankel and Modified Bessel Functions: A Class of Special Functions for Electromagnetics}",
    volume = "52",
    year = "2004"
}

@article{Karpie:2019eiq,
    author = "Karpie, Joseph and Orginos, Kostas and Rothkopf, Alexander and Zafeiropoulos, Savvas",
    title = "{Reconstructing parton distribution functions from Ioffe time data: from Bayesian methods to Neural Networks}",
    eprint = "1901.05408",
    archivePrefix = "arXiv",
    primaryClass = "hep-lat",
    reportNumber = "JLAB-THY-19-2898",
    doi = "10.1007/JHEP04(2019)057",
    journal = "JHEP",
    volume = "04",
    pages = "057",
    year = "2019"
}

@article{Li:2020xml,
    author = "Li, Zheng-Yang and Ma, Yan-Qing and Qiu, Jian-Wei",
    title = "{Extraction of Next-to-Next-to-Leading-Order PDFs from Lattice QCD Calculations}",
    eprint = "2006.12370",
    archivePrefix = "arXiv",
    primaryClass = "hep-ph",
    month = "6",
    year = "2020"
}

@article{Chen:2020ody,
    author = "Chen, Long-Bin and Wang, Wei and Zhu, Ruilin",
    title = "{Next-to-next-to-leading order corrections to quark Quasi parton distribution functions}",
    eprint = "2006.14825",
    archivePrefix = "arXiv",
    primaryClass = "hep-ph",
    month = "6",
    year = "2020"
}

@article{Braun:2020ymy,
    author = "Braun, V.M. and Chetyrkin, K.G. and Kniehl, B.A.",
    title = "{Renormalization of parton quasi-distributions beyond the leading order: spacelike vs. timelike}",
    eprint = "2004.01043",
    archivePrefix = "arXiv",
    primaryClass = "hep-ph",
    reportNumber = "Report-no: TTP20-015",
    month = "4",
    year = "2020"
}

@article{Chen:2020arf,
    author = "Chen, Long-Bin and Wang, Wei and Zhu, Ruilin",
    title = "{Quasi parton distribution functions at NNLO: flavor non-diagonal quark contributions}",
    eprint = "2005.13757",
    archivePrefix = "arXiv",
    primaryClass = "hep-ph",
    month = "5",
    year = "2020"
}

@article{Chen:2020iqi,
    author = "Chen, Long-Bin and Wang, Wei and Zhu, Ruilin",
    title = "{Master Integrals for two-loop QCD corrections to Quasi PDFs}",
    eprint = "2006.10917",
    archivePrefix = "arXiv",
    primaryClass = "hep-ph",
    month = "6",
    year = "2020"
}

@article{DelDebbio:2020cbz,
    author = "Del Debbio, Luigi and Giani, Tommaso and Monahan, Christopher J.",
    title = "{Notes on lattice observables for parton distributions: nongauge theories}",
    eprint = "2007.02131",
    archivePrefix = "arXiv",
    primaryClass = "hep-lat",
    reportNumber = "JLAB-THY-20-3220",
    doi = "10.1007/JHEP09(2020)021",
    journal = "JHEP",
    volume = "09",
    pages = "021",
    year = "2020"
}