@article{Forte:2020yip,
    author = "Forte, Stefano and Carrazza, Stefano",
    title = "{Parton distribution functions}",
    eprint = "2008.12305",
    archivePrefix = "arXiv",
    primaryClass = "hep-ph",
    reportNumber = "TIF-UNIMI-2020-23",
    month = "8",
    year = "2020"
}

@article{Carrazza:2019mzf,
    author = "Carrazza, Stefano and Cruz-Martinez, Juan",
    title = "{Towards a new generation of parton densities with deep learning models}",
    eprint = "1907.05075",
    archivePrefix = "arXiv",
    primaryClass = "hep-ph",
    reportNumber = "TIF-UNIMI-2019-11",
    doi = "10.1140/epjc/s10052-019-7197-2",
    journal = "Eur. Phys. J. C",
    volume = "79",
    number = "8",
    pages = "676",
    year = "2019"
}

@article{Forte:2002fg,
    author = "Forte, Stefano and Garrido, Lluis and Latorre, Jose I. and Piccione, Andrea",
    title = "{Neural network parametrization of deep inelastic structure functions}",
    eprint = "hep-ph/0204232",
    archivePrefix = "arXiv",
    reportNumber = "GEF-TH-3-02, RM3-TH-02-01",
    doi = "10.1088/1126-6708/2002/05/062",
    journal = "JHEP",
    volume = "05",
    pages = "062",
    year = "2002"
}

@article{DelDebbio:2004xtd,
    author = "Del Debbio, Luigi and Forte, Stefano and Latorre, Jose I. and Piccione, Andrea and Rojo, Joan",
    collaboration = "NNPDF",
    title = "{Unbiased determination of the proton structure function F(2)**p with faithful uncertainty estimation}",
    eprint = "hep-ph/0501067",
    archivePrefix = "arXiv",
    reportNumber = "CERN-PH-TH-2004-254, IFUM-819-FT, UB-ECM-PF-04-18, GEF-TH-15-04, DFTT-30-04",
    doi = "10.1088/1126-6708/2005/03/080",
    journal = "JHEP",
    volume = "03",
    pages = "080",
    year = "2005"
}

@article{Ball:2012cx,
    author = "Ball, Richard D. and others",
    title = "{Parton distributions with LHC data}",
    eprint = "1207.1303",
    archivePrefix = "arXiv",
    primaryClass = "hep-ph",
    reportNumber = "EDINBURGH-2012-08, IFUM-FT-997, FR-PHENO-2012-014, RWTH-TTK-12-25, CERN-PH-TH-2012-037, SFB-CPP-12-47",
    doi = "10.1016/j.nuclphysb.2012.10.003",
    journal = "Nucl. Phys. B",
    volume = "867",
    pages = "244--289",
    year = "2013"
}

@article{Ball:2009qv,
    author = "Ball, Richard D. and Del Debbio, Luigi and Forte, Stefano and Guffanti, Alberto and Latorre, Jose I. and Rojo, Juan and Ubiali, Maria",
    collaboration = "NNPDF",
    title = "{Fitting Parton Distribution Data with Multiplicative Normalization Uncertainties}",
    eprint = "0912.2276",
    archivePrefix = "arXiv",
    primaryClass = "hep-ph",
    reportNumber = "EDINBURGH-2009-22, IFUM-950-FT, FREIBURG-PHENO-09-09, CP3-09-51",
    doi = "10.1007/JHEP05(2010)075",
    journal = "JHEP",
    volume = "05",
    pages = "075",
    year = "2010"
}

@article{Candido:2020yat,
    author = "Candido, Alessandro and Forte, Stefano and Hekhorn, Felix",
    title = "{Can $ \overline{\mathrm{MS}} $ parton distributions be negative?}",
    eprint = "2006.07377",
    archivePrefix = "arXiv",
    primaryClass = "hep-ph",
    reportNumber = "TIF-UNIMI-2020-9",
    doi = "10.1007/JHEP11(2020)129",
    journal = "JHEP",
    volume = "11",
    pages = "129",
    year = "2020"
}

@article{Bertone:2013vaa,
    author = "Bertone, Valerio and Carrazza, Stefano and Rojo, Juan",
    title = "{APFEL: A PDF Evolution Library with QED corrections}",
    eprint = "1310.1394",
    archivePrefix = "arXiv",
    primaryClass = "hep-ph",
    reportNumber = "IFUM-1015-FT, CERN-PH-TH-2013-209",
    doi = "10.1016/j.cpc.2014.03.007",
    journal = "Comput. Phys. Commun.",
    volume = "185",
    pages = "1647--1668",
    year = "2014"
}

@article{Carli:2010rw,
    author = "Carli, Tancredi and Clements, Dan and Cooper-Sarkar, Amanda and Gwenlan, Claire and Salam, Gavin P. and Siegert, Frank and Starovoitov, Pavel and Sutton, Mark",
    title = "{A posteriori inclusion of parton density functions in NLO QCD final-state calculations at hadron colliders: The APPLGRID Project}",
    eprint = "0911.2985",
    archivePrefix = "arXiv",
    primaryClass = "hep-ph",
    doi = "10.1140/epjc/s10052-010-1255-0",
    journal = "Eur. Phys. J. C",
    volume = "66",
    pages = "503--524",
    year = "2010"
}

@article{Arneodo:1996kd,
    author = "Arneodo, M. and others",
    collaboration = "New Muon",
    title = "{Accurate measurement of F2(d) / F2(p) and R**d - R**p}",
    eprint = "hep-ex/9611022",
    archivePrefix = "arXiv",
    doi = "10.1016/S0550-3213(96)00673-6",
    journal = "Nucl. Phys. B",
    volume = "487",
    pages = "3--26",
    year = "1997"
}

@article{Arneodo:1996qe,
    author = "Arneodo, M. and others",
    collaboration = "New Muon",
    title = "{Measurement of the proton and deuteron structure functions, F2(p) and F2(d), and of the ratio sigma-L / sigma-T}",
    eprint = "hep-ph/9610231",
    archivePrefix = "arXiv",
    doi = "10.1016/S0550-3213(96)00538-X",
    journal = "Nucl. Phys. B",
    volume = "483",
    pages = "3--43",
    year = "1997"
}

@Article{Whitlow:1991uw,
     author    = "Whitlow, L. W. and Riordan, E. M. and Dasu, S. and Rock,
                  Stephen and Bodek, A.",
     title     = "{Precise measurements of the proton and deuteron structure
                  functions from a global analysis of the SLAC deep inelastic
                  electron scattering cross-sections}",
     journal   = "Phys. Lett.",
     volume    = "B282",
     year      = "1992",
     pages     = "475-482",
     doi       = "10.1016/0370-2693(92)90672-Q",
     SLACcitation  = "%%CITATION = PHLTA,B282,475;%%"
}

@Article{Benvenuti:1989rh,
     author    = "Benvenuti, A. C. and others",
 collaboration = "BCDMS",
     title     = "{A High Statistics Measurement of the Proton Structure
                  Functions $F_2(x, Q^2)$ and $R$ from Deep Inelastic Muon
                  Scattering at High $Q^2$}",
     journal   = "Phys. Lett.",
     volume    = "B223",
     year      = "1989",
     pages     = "485",
     doi       = "10.1016/0370-2693(89)91637-7",
     SLACcitation  = "%%CITATION = PHLTA,B223,485;%%"
}

@Article{Onengut:2005kv,
     author    = "Onengut, G. and others",
 collaboration = "CHORUS",
     title     = "{Measurement of nucleon structure functions in neutrino
                  scattering}",
     journal   = "Phys. Lett.",
     volume    = "B632",
     year      = "2006",
     pages     = "65-75",
     doi       = "10.1016/j.physletb.2005.10.062",
     SLACcitation  = "%%CITATION = PHLTA,B632,65;%%"
}

@Article{Goncharov:2001qe,
     author    = "Goncharov, M. and others",
 collaboration = "NuTeV",
     title     = "{Precise measurement of dimuon production cross-sections in
                  $\nu_{\mu}$Fe  and  $\bar{\nu}_{\mu}$Fe deep inelastic scattering at
                  the Tevatron}",
     journal   = "Phys. Rev.",
     volume    = "D64",
     year      = "2001",
     pages     = "112006",
     eprint    = "hep-ex/0102049",
     archivePrefix = "arXiv",
     doi       = "10.1103/PhysRevD.64.112006",
     SLACcitation  = "%%CITATION = HEP-EX/0102049;%%"
}

@phdthesis{Mason:2006qa,
    author = "Mason, David Alexander",
    doi = "10.2172/879078",
    reportNumber = "FERMILAB-THESIS-2006-01, UMI-32-11223",
    school = "Oregon U.",
    title = "{Measurement of the strange - antistrange asymmetry at NLO in QCD from NuTeV dimuon data}",
    year = "2006"
}

@article{Abramowicz:2015mha,
      author         = "Abramowicz, H. and others",
      title          = "{Combination of measurements of inclusive deep inelastic
                        ${e^{\pm }p}$ scattering cross sections and QCD analysis
                        of HERA data}",
      collaboration  = "ZEUS, H1",
      journal        = "Eur. Phys. J.",
      volume         = "C75",
      year           = "2015",
      number         = "12",
      pages          = "580",
      doi            = "10.1140/epjc/s10052-015-3710-4",
      eprint         = "1506.06042",
      archivePrefix  = "arXiv",
      primaryClass   = "hep-ex",
      reportNumber   = "DESY-15-039",
      SLACcitation   = "%%CITATION = ARXIV:1506.06042;%%"
}

@article{Abramowicz:1900rp,
      author         = "Abramowicz, H. and others",
      title          = "{Combination and QCD Analysis of Charm Production Cross
                        Section Measurements in Deep-Inelastic ep Scattering at
                        HERA}",
      collaboration  = "H1 , ZEUS ",
      journal        = "Eur.Phys.J.",
      volume         = "C73",
      pages          = "2311",
      doi            = "10.1140/epjc/s10052-013-2311-3",
      year           = "2013",
      eprint         = "1211.1182",
      archivePrefix  = "arXiv",
      primaryClass   = "hep-ex",
      reportNumber   = "DESY-12-172",
      SLACcitation   = "%%CITATION = ARXIV:1211.1182;%%",
}

@article{Aaron:2009af,
      author         = "Aaron, F. D. and others",
      title          = "{Measurement of the Charm and Beauty Structure Functions
                        using the H1 Vertex Detector at HERA}",
      collaboration  = "H1",
      journal        = "Eur. Phys. J.",
      volume         = "C65",
      year           = "2010",
      pages          = "89-109",
      doi            = "10.1140/epjc/s10052-009-1190-0",
      eprint         = "0907.2643",
      archivePrefix  = "arXiv",
      primaryClass   = "hep-ex",
      reportNumber   = "DESY-09-096, DESY09-096",
      SLACcitation   = "%%CITATION = ARXIV:0907.2643;%%"
}

@article{Abramowicz:2014zub,
      author         = "Abramowicz, H. and others",
      title          = "{Measurement of beauty and charm production in deep
                        inelastic scattering at HERA and measurement of the
                        beauty-quark mass}",
      collaboration  = "ZEUS",
      journal        = "JHEP",
      volume         = "09",
      year           = "2014",
      pages          = "127",
      doi            = "10.1007/JHEP09(2014)127",
      eprint         = "1405.6915",
      archivePrefix  = "arXiv",
      primaryClass   = "hep-ex",
      reportNumber   = "DESY-14-083",
      SLACcitation   = "%%CITATION = ARXIV:1405.6915;%%"
}

@Article{Webb:2003ps,
     author    = "Webb, J. C. and others",
 collaboration = "NuSea",
     title     = "{Absolute Drell-Yan dimuon cross sections in 800-GeV/c p p
                  and p d  collisions}",
     year      = "2003",
     eprint    = "hep-ex/0302019",
     archivePrefix = "arXiv",
     SLACcitation  = "%%CITATION = HEP-EX/0302019;%%"
}
@Article{Webb:2003bj,
     author    = "Webb, Jason C.",
     title     = "{Measurement of continuum dimuon production in 800-GeV/c
                  proton nucleon  collisions}",
     year      = "2003",
     eprint    = "hep-ex/0301031",
     archivePrefix = "arXiv",
     SLACcitation  = "%%CITATION = HEP-EX/0301031;%%"
}

@Article{Towell:2001nh,
     author    = "Towell, R. S. and others",
 collaboration = "FNAL E866/NuSea",
     title     = "{Improved measurement of the anti-d/anti-u asymmetry in the
                  nucleon sea}",
     journal   = "Phys. Rev.",
     volume    = "D64",
     year      = "2001",
     pages     = "052002",
     eprint    = "hep-ex/0103030",
     archivePrefix = "arXiv",
     doi       = "10.1103/PhysRevD.64.052002",
     SLACcitation  = "%%CITATION = HEP-EX/0103030;%%"
}



@Article{Moreno:1990sf,
     author    = "Moreno, G. and others",
     title     = "{Dimuon production in proton - copper collisions at
                  $\sqrt{s}$ = 38.8-GeV}",
     journal   = "Phys. Rev.",
     volume    = "D43",
     year      = "1991",
     pages     = "2815-2836",
     doi       = "10.1103/PhysRevD.43.2815",
     SLACcitation  = "%%CITATION = PHRVA,D43,2815;%%"
}

@Article{Aaltonen:2010zza,
     author    = "Aaltonen, Timo Antero and others",
 collaboration = "CDF",
     title     = "{Measurement of $d\sigma/dy$ of Drell-Yan $e^+e^-$ pairs in
                  the $Z$ Mass Region from $p\bar{p}$ Collisions at
                  $\sqrt{s}=1.96$ TeV}",
     journal   = "Phys. Lett.",
     volume    = "B692",
     year      = "2010",
     pages     = "232-239",
     eprint    = "0908.3914",
     archivePrefix = "arXiv",
     primaryClass  =  "hep-ex",
     doi       = "10.1016/j.physletb.2010.06.043",
     SLACcitation  = "%%CITATION = 0908.3914;%%"
}

@Article{Abazov:2007jy,
     author    = "Abazov, V. M. and others",
 collaboration = "D0",
     title     = "{Measurement of the shape of the boson rapidity
                  distribution for $p \bar{p} \to Z/\gamma^* \to e^{+} e^{-}$
                  + $X$ events produced at $\sqrt{s}$=1.96-TeV}",
     journal   = "Phys. Rev.",
     volume    = "D76",
     year      = "2007",
     pages     = "012003",
     eprint    = "hep-ex/0702025",
     archivePrefix = "arXiv",
     doi       = "10.1103/PhysRevD.76.012003",
     SLACcitation  = "%%CITATION = HEP-EX/0702025;%%"
}

@article{Abazov:2013rja,
      author         = "Abazov, Victor Mukhamedovich and others",
      title          = "{Measurement of the muon charge asymmetry in $p\bar{p}$
                        $\to$ W+X $\to$ $\mu$$\nu$ + X events at
                        $\sqrt{s}$=1.96 TeV}",
      collaboration  = "D0",
      journal        = "Phys.Rev.",
      volume         = "D88",
      pages          = "091102",
      doi            = "10.1103/PhysRevD.88.091102",
      year           = "2013",
      eprint         = "1309.2591",
      archivePrefix  = "arXiv",
      primaryClass   = "hep-ex",
      reportNumber   = "FERMILAB-PUB-13-361-E",
      SLACcitation   = "%%CITATION = ARXIV:1309.2591;%%",
}

@article{D0:2014kma,
      author         = "Abazov, Victor Mukhamedovich and others",
      title          = "{Measurement of the electron charge asymmetry in
                        $\boldsymbol{p\bar{p}\rightarrow W+X \rightarrow e\nu +X}$
                        decays in $\boldsymbol{p\bar{p}}$ collisions at
                        $\boldsymbol{\sqrt{s}=1.96}$ TeV}",
      collaboration  = "D0",
      journal        = "Phys. Rev.",
      volume         = "D91",
      year           = "2015",
      number         = "3",
      pages          = "032007",
      doi            = "10.1103/PhysRevD.91.032007, 10.1103/PhysRevD.91.079901",
      note           = "[Erratum: Phys. Rev.D91,no.7,079901(2015)]",
      eprint         = "1412.2862",
      archivePrefix  = "arXiv",
      primaryClass   = "hep-ex",
      reportNumber   = "FERMILAB-PUB-14-514-E",
      SLACcitation   = "%%CITATION = ARXIV:1412.2862;%%"
}

@article{Aad:2013iua,
      author         = "Aad, Georges and others",
      title          = "{Measurement of the high-mass Drell--Yan differential
                        cross-section in pp collisions at $\sqrt{s}$=7 TeV with
                        the ATLAS detector}",
      collaboration  = "ATLAS ",
      journal        = "Phys.Lett.",
      volume         = "B725",
      pages          = "223",
      doi            = "10.1016/j.physletb.2013.07.049",
      year           = "2013",
      eprint         = "1305.4192",
      archivePrefix  = "arXiv",
      primaryClass   = "hep-ex",
      reportNumber   = "CERN-PH-EP-2013-064",
      SLACcitation   = "%%CITATION = ARXIV:1305.4192;%%",
}

@article{Aad:2014qja,
      author         = "Aad, Georges and others",
      title          = "{Measurement of the low-mass Drell-Yan differential cross
                        section at $\sqrt{s}$ = 7 TeV using the ATLAS detector}",
      collaboration  = "ATLAS",
      journal        = "JHEP",
      volume         = "06",
      year           = "2014",
      pages          = "112",
      doi            = "10.1007/JHEP06(2014)112",
      eprint         = "1404.1212",
      archivePrefix  = "arXiv",
      primaryClass   = "hep-ex",
      reportNumber   = "CERN-PH-EP-2014-020",
      SLACcitation   = "%%CITATION = ARXIV:1404.1212;%%"
}

@article{Aad:2011dm,
      author         = "Aad, Georges and others",
      title          = "{Measurement of the inclusive $W^{\pm}$ and $Z/\gamma^*$ cross
                        sections in the electron and muon decay channels in pp
                        collisions at $\sqrt{s}$= 7 TeV with the ATLAS detector}",
      collaboration  = "ATLAS ",
      journal        = "Phys.Rev.",
      volume         = "D85",
      pages          = "072004",
      year           = "2012",
      eprint         = "1109.5141",
      archivePrefix  = "arXiv",
      primaryClass   = "hep-ex",
      reportNumber   = "CERN-PH-EP-2011-143",
      SLACcitation   = "%%CITATION = ARXIV:1109.5141;%%",
}

@article{Aaboud:2016btc,
      author         = "Aaboud, Morad and others",
      title          = "{Precision measurement and interpretation of inclusive
                        $W^+$, $W^-$ and $Z/\gamma^*$ production cross sections
                        with the ATLAS detector}",
      collaboration  = "ATLAS",
      year           = "2016",
      eprint         = "1612.03016",
      archivePrefix  = "arXiv",
      primaryClass   = "hep-ex",
      reportNumber   = "CERN-EP-2016-272",
      SLACcitation   = "%%CITATION = ARXIV:1612.03016;%%"
}

@article{Aad:2015auj,
      author         = "Aad, Georges and others",
      title          = "{Measurement of the transverse momentum and $\phi
                        ^*_{\eta }$ distributions of Drell–Yan lepton pairs in
                        proton–proton collisions at $\sqrt{s}=8$  TeV with the
                        ATLAS detector}",
      collaboration  = "ATLAS",
      journal        = "Eur. Phys. J.",
      volume         = "C76",
      year           = "2016",
      number         = "5",
      pages          = "291",
      doi            = "10.1140/epjc/s10052-016-4070-4",
      eprint         = "1512.02192",
      archivePrefix  = "arXiv",
      primaryClass   = "hep-ex",
      reportNumber   = "CERN-PH-EP-2015-275",
      SLACcitation   = "%%CITATION = ARXIV:1512.02192;%%"
}

@article{Aad:2014kva,
      author         = "Aad, Georges and others",
      title          = "{Measurement of the $t\bar{t}$ production cross-section
                        using $e\mu $ events with b-tagged jets in pp collisions
                        at $\sqrt{s}$ = 7 and 8  $\,\mathrm{TeV}$ with the ATLAS
                        detector}",
      collaboration  = "ATLAS",
      journal        = "Eur. Phys. J.",
      volume         = "C74",
      year           = "2014",
      number         = "10",
      pages          = "3109",
      doi            = "10.1140/epjc/s10052-016-4501-2,
                        10.1140/epjc/s10052-014-3109-7",
      note           = "[Addendum: Eur. Phys. J.C76,no.11,642(2016)]",
      eprint         = "1406.5375",
      archivePrefix  = "arXiv",
      primaryClass   = "hep-ex",
      reportNumber   = "CERN-PH-EP-2014-124, CERN-EP-2014-124",
      SLACcitation   = "%%CITATION = ARXIV:1406.5375;%%"
}

@article{Aaboud:2016pbd,
      author         = "Aaboud, Morad and others",
      title          = "{Measurement of the $t\bar{t}$ production cross-section
                        using $e\mu$ events with b-tagged jets in pp collisions at
                        $\sqrt{s}$=13 TeV with the ATLAS detector}",
      collaboration  = "ATLAS",
      journal        = "Phys. Lett.",
      volume         = "B761",
      year           = "2016",
      pages          = "136-157",
      doi            = "10.1016/j.physletb.2016.08.019",
      eprint         = "1606.02699",
      archivePrefix  = "arXiv",
      primaryClass   = "hep-ex",
      reportNumber   = "CERN-EP-2016-088",
      SLACcitation   = "%%CITATION = ARXIV:1606.02699;%%"
}

@article{Aad:2015mbv,
      author         = "Aad, Georges and others",
      title          = "{Measurements of top-quark pair differential
                        cross-sections in the lepton+jets channel in $pp$
                        collisions at $\sqrt{s}=8$ TeV using the ATLAS detector}",
      collaboration  = "ATLAS",
      journal        = "Eur. Phys. J.",
      volume         = "C76",
      year           = "2016",
      number         = "10",
      pages          = "538",
      doi            = "10.1140/epjc/s10052-016-4366-4",
      eprint         = "1511.04716",
      archivePrefix  = "arXiv",
      primaryClass   = "hep-ex",
      reportNumber   = "CERN-PH-EP-2015-239",
      SLACcitation   = "%%CITATION = ARXIV:1511.04716;%%"
}

@article{Chatrchyan:2012xt,
      author         = "Chatrchyan, Serguei and others",
      title          = "{Measurement of the electron charge asymmetry in
                        inclusive W production in pp collisions at $\sqrt{s}$ = 7
                        TeV}",
      collaboration  = "CMS ",
      journal        = "Phys.Rev.Lett.",
      volume         = "109",
      pages          = "111806",
      doi            = "10.1103/PhysRevLett.109.111806",
      year           = "2012",
      eprint         = "1206.2598",
      archivePrefix  = "arXiv",
      primaryClass   = "hep-ex",
      reportNumber   = "CMS-SMP-12-001, CERN-PH-EP-2012-151",
      SLACcitation   = "%%CITATION = ARXIV:1206.2598;%%",
}
@article{Chatrchyan:2013mza,
      author         = "Chatrchyan, Serguei and others",
      title          = "{Measurement of the muon charge asymmetry in inclusive pp
                        to WX production at $\sqrt{s}$ = 7 TeV and an improved
                        determination of light parton distribution functions}",
      collaboration  = "CMS ",
      journal        = "Phys.Rev.",
      volume         = "D90",
      pages          = "032004",
      doi            = "10.1103/PhysRevD.90.032004",
      year           = "2014",
      eprint         = "1312.6283",
      archivePrefix  = "arXiv",
      primaryClass   = "hep-ex",
      reportNumber   = "CMS-SMP-12-021, CERN-PH-EP-2013-232",
      SLACcitation   = "%%CITATION = ARXIV:1312.6283;%%",
}

@article{Chatrchyan:2013tia,
      author         = "Chatrchyan, Sergei and others",
      title          = "{Measurement of the differential and double-differential
                        Drell-Yan cross sections in proton-proton collisions at
                        $\sqrt{s} =$ 7 TeV}",
      collaboration  = "CMS",
      journal        = "JHEP",
      volume         = "1312",
      pages          = "030",
      doi            = "10.1007/JHEP12(2013)030",
      year           = "2013",
      eprint         = "1310.7291",
      archivePrefix  = "arXiv",
      primaryClass   = "hep-ex",
      reportNumber   = "CMS-SMP-13-003, CERN-PH-EP-2013-168",
      SLACcitation   = "%%CITATION = ARXIV:1310.7291;%%",
}

@article{Khachatryan:2016pev,
      author         = "Khachatryan, Vardan and others",
      title          = "{Measurement of the differential cross section and charge
                        asymmetry for inclusive $\mathrm {p}\mathrm {p}\rightarrow
                        \mathrm {W}^{\pm }+X$ production at ${\sqrt{s}} = 8$ TeV}",
      collaboration  = "CMS",
      journal        = "Eur. Phys. J.",
      volume         = "C76",
      year           = "2016",
      number         = "8",
      pages          = "469",
      doi            = "10.1140/epjc/s10052-016-4293-4",
      eprint         = "1603.01803",
      archivePrefix  = "arXiv",
      primaryClass   = "hep-ex",
      reportNumber   = "CMS-SMP-14-022, CERN-EP-2016-043",
      SLACcitation   = "%%CITATION = ARXIV:1603.01803;%%"
}

@article{Khachatryan:2015oaa,
      author         = "Khachatryan, Vardan and others",
      title          = "{Measurement of the Z boson differential cross section in
                        transverse momentum and rapidity in proton–proton
                        collisions at 8 TeV}",
      collaboration  = "CMS",
      journal        = "Phys. Lett.",
      volume         = "B749",
      year           = "2015",
      pages          = "187-209",
      doi            = "10.1016/j.physletb.2015.07.065",
      eprint         = "1504.03511",
      archivePrefix  = "arXiv",
      primaryClass   = "hep-ex",
      reportNumber   = "CMS-SMP-13-013, CERN-PH-EP-2015-059",
      SLACcitation   = "%%CITATION = ARXIV:1504.03511;%%"
}

@article{Khachatryan:2016mqs,
      author         = "Khachatryan, Vardan and others",
      title          = "{Measurement of the t-tbar production cross section in
                        the e-mu channel in proton-proton collisions at sqrt(s) =
                        7 and 8 TeV}",
      collaboration  = "CMS",
      journal        = "JHEP",
      volume         = "08",
      year           = "2016",
      pages          = "029",
      doi            = "10.1007/JHEP08(2016)029",
      eprint         = "1603.02303",
      archivePrefix  = "arXiv",
      primaryClass   = "hep-ex",
      reportNumber   = "CMS-TOP-13-004, CERN-EP-2016-044",
      SLACcitation   = "%%CITATION = ARXIV:1603.02303;%%"
}

@article{Khachatryan:2015uqb,
      author         = "Khachatryan, Vardan and others",
      title          = "{Measurement of the top quark pair production cross
                        section in proton-proton collisions at $\sqrt(s) =$ 13
                        TeV}",
      collaboration  = "CMS",
      journal        = "Phys. Rev. Lett.",
      volume         = "116",
      year           = "2016",
      number         = "5",
      pages          = "052002",
      doi            = "10.1103/PhysRevLett.116.052002",
      eprint         = "1510.05302",
      archivePrefix  = "arXiv",
      primaryClass   = "hep-ex",
      reportNumber   = "CMS-TOP-15-003, CERN-PH-EP-2015-280",
      SLACcitation   = "%%CITATION = ARXIV:1510.05302;%%"
}

@article{Khachatryan:2015oqa,
      author         = "Khachatryan, Vardan and others",
      title          = "{Measurement of the differential cross section for top
                        quark pair production in pp collisions at $\sqrt{s} =
                        8\,\text {TeV} $}",
      collaboration  = "CMS",
      journal        = "Eur. Phys. J.",
      volume         = "C75",
      year           = "2015",
      number         = "11",
      pages          = "542",
      doi            = "10.1140/epjc/s10052-015-3709-x",
      eprint         = "1505.04480",
      archivePrefix  = "arXiv",
      primaryClass   = "hep-ex",
      reportNumber   = "CMS-TOP-12-028, CERN-PH-EP-2015-117",
      SLACcitation   = "%%CITATION = ARXIV:1505.04480;%%"
}

@article{Aaij:2012vn,
      author         = "Aaij, R and others",
      title          = "{Inclusive $W$ and $Z$ production in the forward region
                        at $\sqrt{s} = 7$ TeV}",
      collaboration  = "LHCb",
      journal        = "JHEP",
      volume         = "1206",
      pages          = "058",
      doi            = "10.1007/JHEP06(2012)058",
      year           = "2012",
      eprint         = "1204.1620",
      archivePrefix  = "arXiv",
      primaryClass   = "hep-ex",
      reportNumber   = "CERN-PH-EP-2012-099, LHCB-PAPER-2012-008",
      SLACcitation   = "%%CITATION = ARXIV:1204.1620;%%",
}

@article{Aaij:2012mda,
      author         = "Aaij, R and others",
      title          = "{Measurement of the cross-section for $Z \to e^+e^-$
                        production in $pp$ collisions at $\sqrt{s}=7$ TeV}",
      collaboration  = "LHCb",
      journal        = "JHEP",
      volume         = "1302",
      pages          = "106",
      doi            = "10.1007/JHEP02(2013)106",
      year           = "2013",
      eprint         = "1212.4620",
      archivePrefix  = "arXiv",
      primaryClass   = "hep-ex",
      reportNumber   = "CERN-PH-EP-2012-363, LHCB-PAPER-2012-036",
      SLACcitation   = "%%CITATION = ARXIV:1212.4620;%%",
}

@article{Aaij:2015gna,
      author         = "Aaij, Roel and others",
      title          = "{Measurement of the forward $Z$ boson production
                        cross-section in $pp$ collisions at $\sqrt{s}=7$ TeV}",
      collaboration  = "LHCb",
      journal        = "JHEP",
      volume         = "08",
      year           = "2015",
      pages          = "039",
      doi            = "10.1007/JHEP08(2015)039",
      eprint         = "1505.07024",
      archivePrefix  = "arXiv",
      primaryClass   = "hep-ex",
      reportNumber   = "LHCB-PAPER-2015-001, CERN-PH-EP-2015-102",
      SLACcitation   = "%%CITATION = ARXIV:1505.07024;%%"
}

@article{Aaij:2015zlq,
      author         = "Aaij, Roel and others",
      title          = "{Measurement of forward W and Z boson production in $pp$
                        collisions at $ \sqrt{s}=8 $ TeV}",
      collaboration  = "LHCb",
      journal        = "JHEP",
      volume         = "01",
      year           = "2016",
      pages          = "155",
      doi            = "10.1007/JHEP01(2016)155",
      eprint         = "1511.08039",
      archivePrefix  = "arXiv",
      primaryClass   = "hep-ex",
      reportNumber   = "LHCB-PAPER-2015-049, CERN-PH-EP-2015-301",
      SLACcitation   = "%%CITATION = ARXIV:1511.08039;%%"
}

@online{chollet2015keras,
  title={Keras},
  author={Chollet, Francois and others},
  year={2015},
  publisher={GitHub},
  url={https://github.com/fchollet/keras},
}

@misc{tensorflow2015-whitepaper,
title={ {TensorFlow}: Large-Scale Machine Learning on Heterogeneous Systems},
url={https://www.tensorflow.org/},
note={Software available from tensorflow.org},
author={
    Mart\'{\i}n~Abadi and others},
  year={2015},
}

@article{Khachatryan:2015luy,
    author = "Khachatryan, Vardan and others",
    collaboration = "CMS",
    title = "{Measurement of the inclusive jet cross section in pp collisions at $\sqrt{s} = 2.76\,\text {TeV}$}",
    eprint = "1512.06212",
    archivePrefix = "arXiv",
    primaryClass = "hep-ex",
    reportNumber = "CMS-SMP-14-017, CERN-PH-EP-2015-299",
    doi = "10.1140/epjc/s10052-016-4083-z",
    journal = "Eur. Phys. J. C",
    volume = "76",
    number = "5",
    pages = "265",
    year = "2016"
}

@article{Amaudruz:1991at,
    author = "Amaudruz, P. and others",
    collaboration = "New Muon",
    title = "{The Gottfried sum from the ratio F2(n) / F2(p)}",
    reportNumber = "CERN-PPE-91-05",
    doi = "10.1103/PhysRevLett.66.2712",
    journal = "Phys. Rev. Lett.",
    volume = "66",
    pages = "2712--2715",
    year = "1991"
}