@article{DelDebbio:2020rgv,
    author = "Del Debbio, Luigi and Giani, Tommaso and Karpie, Joseph and Orginos, Kostas and Radyushkin, Anatoly and Zafeiropoulos, Savvas",
    title = "{Neural-network analysis of Parton Distribution Functions from Ioffe-time pseudodistributions}",
    eprint = "2010.03996",
    archivePrefix = "arXiv",
    primaryClass = "hep-ph",
    doi = "10.1007/JHEP02(2021)138",
    journal = "JHEP",
    volume = "02",
    pages = "138",
    year = "2021"
}

@article{Bringewatt:2020ixn, author = "Bringewatt, J. and Sato, N. and Melnitchouk, W. and Qiu, Jian-Wei and Steffens, F. and Constantinou, M.", title = "{Confronting lattice parton distributions with global QCD analysis}", eprint = "2010.00548", archivePrefix = "arXiv", primaryClass = "hep-ph", reportNumber = "JLAB-THY-20-3257", month = "10", year = "2020"}

@article{Karpie:2017bzm,
    author = "Karpie, Joseph and Orginos, Kostas and Radyushkin, Anatoly and Zafeiropoulos, Savvas",
    editor = "Della Morte, M. and Fritzsch, P. and G\'amiz S\'anchez, E. and Pena Ruano, C.",
    title = "{Parton distribution functions on the lattice and in the continuum}",
    eprint = "1710.08288",
    archivePrefix = "arXiv",
    primaryClass = "hep-lat",
    reportNumber = "JLAB-THY-17-2573",
    doi = "10.1051/epjconf/201817506032",
    journal = "EPJ Web Conf.",
    volume = "175",
    pages = "06032",
    year = "2018"
}

@article{Bernal:2018cxc,
    author = "Luis Bernal, Jos√© and Peacock, John A.",
    title = "{Conservative cosmology: combining data with allowance for unknown systematics}",
    eprint = "1803.04470",
    archivePrefix = "arXiv",
    primaryClass = "astro-ph.CO",
    doi = "10.1088/1475-7516/2018/07/002",
    journal = "JCAP",
    volume = "07",
    pages = "002",
    year = "2018"
}

@article{Bali:2018spj,
    author = {Bali, Gunnar S. and Braun, Vladimir M. and Gl{\"a}{\ss}le, Benjamin and G{\"o}ckeler, Meinulf and Gruber, Michael and Hutzler, Fabian and Korcyl, Piotr and Sch\"afer, Andreas and Wein, Philipp and Zhang, Jian-Hui},
    title = "{Pion distribution amplitude from Euclidean correlation functions: Exploring universality and higher-twist effects}",
    eprint = "1807.06671",
    archivePrefix = "arXiv",
    primaryClass = "hep-lat",
    doi = "10.1103/PhysRevD.98.094507",
    journal = "Phys. Rev. D",
    volume = "98",
    number = "9",
    pages = "094507",
    year = "2018"
}

@article{Bali:2019ecy,
    author = "Bali, Gunnar S. and others",
    collaboration = "RQCD",
    title = "{Light-cone distribution amplitudes of octet baryons from lattice QCD}",
    eprint = "1903.12590",
    archivePrefix = "arXiv",
    primaryClass = "hep-lat",
    doi = "10.1140/epja/i2019-12803-6",
    journal = "Eur. Phys. J. A",
    volume = "55",
    number = "7",
    pages = "116",
    year = "2019"
}

@article{Sufian:2020vzb,
    author = "Sufian, Raza Sabbir and Egerer, Colin and Karpie, Joseph and Edwards, Robert G. and Jo\'o, B\'alint and Ma, Yan-Qing and Orginos, Kostas and Qiu, Jian-Wei and Richards, David G.",
    title = "{Pion Valence Quark Distribution from Current-Current Correlation in Lattice QCD}",
    eprint = "2001.04960",
    archivePrefix = "arXiv",
    primaryClass = "hep-lat",
    reportNumber = "JLAB-THY-20-3131",
    month = "1",
    year = "2020"
}