@article{Aversa:1988fv,
    author = "Aversa, F. and Chiappetta, P. and Greco, Mario and Guillet, J.P.",
    title = "{Higher Order Corrections to QCD Jets}",
    reportNumber = "CPT-88/P-2089",
    doi = "10.1016/0370-2693(88)90377-2",
    journal = "Phys. Lett. B",
    volume = "210",
    pages = "225",
    year = "1988"
}

@article{Ellis:1990ek,
    author = "Ellis, Stephen D. and Kunszt, Zoltan and Soper, Davison E.",
    title = "{The One Jet Inclusive Cross-section at Order $\$\alpha^- s$\textasciicircum{}\{3\}\$ Quarks and Gluons}",
    reportNumber = "OITS-436, DOE/ER/40423-03-P90, ETH-TH/90-3",
    doi = "10.1103/PhysRevLett.64.2121",
    journal = "Phys. Rev. Lett.",
    volume = "64",
    pages = "2121",
    year = "1990"
}

@article{Giele:1994xd,
    author = "Giele, W.T. and Glover, E.W.Nigel and Kosower, David A.",
    title = "{The inclusive two jet triply differential cross-section}",
    eprint = "hep-ph/9412338",
    archivePrefix = "arXiv",
    reportNumber = "FERMILAB-PUB-94-382-T, SACLAY-SPH-T-94-157, DTP-94-102",
    doi = "10.1103/PhysRevD.52.1486",
    journal = "Phys. Rev. D",
    volume = "52",
    pages = "1486--1499",
    year = "1995"
}

@article{Cacciari:2019qjx,
    author = "Cacciari, Matteo and Forte, Stefano and Napoletano, Davide and Soyez, Gregory and Stagnitto, Giovanni",
    title = "{Single-jet inclusive cross section and its definition}",
    eprint = "1906.11850",
    archivePrefix = "arXiv",
    primaryClass = "hep-ph",
    doi = "10.1103/PhysRevD.100.114015",
    journal = "Phys. Rev. D",
    volume = "100",
    number = "11",
    pages = "114015",
    year = "2019"
}

@article{Currie:2017ctp,
    author = "Currie, James and Glover, E.W.N. and Gehrmann, Thomas and Gehrmann-De Ridder, Aude and Huss, Alexander and Pires, Joao",
    title = "{Single Jet Inclusive Production for the Individual Jet $p_{\rm T}$ Scale Choice at the LHC}",
    eprint = "1704.00923",
    archivePrefix = "arXiv",
    primaryClass = "hep-ph",
    reportNumber = "IPPP-17-27, MPP-2017-61",
    doi = "10.5506/APhysPolB.48.955",
    journal = "Acta Phys. Polon. B",
    volume = "48",
    pages = "955--967",
    year = "2017"
}

@article{Currie:2018xkj,
    author = "Currie, James and Gehrmann-De Ridder, Aude and Gehrmann, Thomas and Glover, E.W. Nigel and Huss, Alexander and Pires, Jo\~ao",
    title = "{Infrared sensitivity of single jet inclusive production at hadron colliders}",
    eprint = "1807.03692",
    archivePrefix = "arXiv",
    primaryClass = "hep-ph",
    reportNumber = "IPPP-18-38, ZU-TH-24-18, CFTP-18-010, IPPP/18/38, ZU-TH 24/18, CFTP/18-010, CERN-TH-2018-159",
    doi = "10.1007/JHEP10(2018)155",
    journal = "JHEP",
    volume = "10",
    pages = "155",
    year = "2018"
}

@article{Aad:2014vwa,
      author         = "Aad, Georges and others",
      title          = "{Measurement of the inclusive jet cross-section in
                        proton-proton collisions at $ \sqrt{s}=7$ TeV using 4.5
                        fb$^{-1}$ of data with the ATLAS detector}",
      collaboration  = "ATLAS",
      journal        = "JHEP",
      volume         = "02",
      year           = "2015",
      pages          = "153",
      eprint         = "1410.8857",
      archivePrefix  = "arXiv",
      primaryClass   = "hep-ex",
      SLACcitation   = "%%CITATION = ARXIV:1410.8857;%%"
}

@article{Chatrchyan:2012bja,
      author         = "Chatrchyan, Serguei and others",
      title          = "{Measurements of differential jet cross sections in
                        proton-proton collisions at $\sqrt{s}=7$ TeV with the CMS
                        detector}",
      collaboration  = "CMS ",
      journal        = "Phys.Rev.",
      volume         = "D87",
      pages          = "112002",
      doi            = "10.1103/PhysRevD.87.112002",
      year           = "2013",
      eprint         = "1212.6660",
      archivePrefix  = "arXiv",
      primaryClass   = "hep-ex",
      reportNumber   = "CMS-QCD-11-004, CERN-PH-EP-2012-343",
      SLACcitation   = "%%CITATION = ARXIV:1212.6660;%%",
}

@article{Aaboud:2017dvo,
      author         = "Aaboud, Morad and others",
      title          = "{Measurement of the inclusive jet cross-sections in
                        proton-proton collisions at $ \sqrt{s}=8 $ TeV with the
                        ATLAS detector}",
      collaboration  = "ATLAS",
      journal        = "JHEP",
      volume         = "09",
      year           = "2017",
      pages          = "020",
      doi            = "10.1007/JHEP09(2017)020",
      eprint         = "1706.03192",
      archivePrefix  = "arXiv",
      primaryClass   = "hep-ex",
      reportNumber   = "CERN-EP-2017-043",
      SLACcitation   = "%%CITATION = ARXIV:1706.03192;%%"
}

@article{Khachatryan:2016mlc,
      author         = "Khachatryan, Vardan and others",
      title          = "{Measurement and QCD analysis of double-differential
                        inclusive jet cross sections in pp collisions at $
                        \sqrt{s}=8 $ TeV and cross section ratios to 2.76 and 7
                        TeV}",
      collaboration  = "CMS",
      journal        = "JHEP",
      volume         = "03",
      year           = "2017",
      pages          = "156",
      doi            = "10.1007/JHEP03(2017)156",
      eprint         = "1609.05331",
      archivePrefix  = "arXiv",
      primaryClass   = "hep-ex",
      reportNumber   = "CMS-SMP-14-001, CERN-EP-2016-196",
      SLACcitation   = "%%CITATION = ARXIV:1609.05331;%%"
}

@article{Aad:2013tea,
      author         = "Aad, Georges and others",
      title          = "{Measurement of dijet cross sections in $pp$ collisions
                        at 7 TeV centre-of-mass energy using the ATLAS detector}",
      collaboration  = "ATLAS Collaboration",
      journal        = "JHEP",
      volume         = "1405",
      pages          = "059",
      doi            = "10.1007/JHEP05(2014)059",
      year           = "2014",
      eprint         = "1312.3524",
      archivePrefix  = "arXiv",
      primaryClass   = "hep-ex",
      reportNumber   = "CERN-PH-EP-2013-192",
      SLACcitation   = "%%CITATION = ARXIV:1312.3524;%%",
}

@article{Sirunyan:2017skj,
      author         = "Sirunyan, Albert M and others",
      title          = "{Measurement of the triple-differential dijet cross
                        section in proton-proton collisions at $\sqrt{s}=8\,\text
                        {TeV} $ and constraints on parton distribution functions}",
      collaboration  = "CMS",
      journal        = "Eur. Phys. J.",
      volume         = "C77",
      year           = "2017",
      number         = "11",
      pages          = "746",
      doi            = "10.1140/epjc/s10052-017-5286-7",
      eprint         = "1705.02628",
      archivePrefix  = "arXiv",
      primaryClass   = "hep-ex",
      reportNumber   = "CMS-SMP-16-011, CERN-EP-2017-061",
      SLACcitation   = "%%CITATION = ARXIV:1705.02628;%%"
}

@article{Aaboud:2017wsi,
    author = "Aaboud, M. and others",
    collaboration = "ATLAS",
    title = "{Measurement of inclusive jet and dijet cross-sections in proton-proton collisions at $\sqrt{s}=13$ TeV with the ATLAS detector}",
    eprint = "1711.02692",
    archivePrefix = "arXiv",
    primaryClass = "hep-ex",
    reportNumber = "CERN-EP-2017-157",
    doi = "10.1007/JHEP05(2018)195",
    journal = "JHEP",
    volume = "05",
    pages = "195",
    year = "2018"
}

@article{Khachatryan:2016wdh,
    author = "Khachatryan, Vardan and others",
    collaboration = "CMS",
    title = "{Measurement of the double-differential inclusive jet cross section in proton\textendash{}proton collisions at $\sqrt{s} = 13\,\text {TeV} $}",
    eprint = "1605.04436",
    archivePrefix = "arXiv",
    primaryClass = "hep-ex",
    reportNumber = "CMS-SMP-15-007, CERN-EP-2016-104",
    doi = "10.1140/epjc/s10052-016-4286-3",
    journal = "Eur. Phys. J. C",
    volume = "76",
    number = "8",
    pages = "451",
    year = "2016"
}

@article{Sirunyan:2020uoj,
    author = "Sirunyan, Albert M and others",
    collaboration = "CMS",
    title = "{Dependence of inclusive jet production on the anti-$k_\mathrm{T}$ distance parameter in pp collisions at $\sqrt{s} =$ 13 TeV}",
    eprint = "2005.05159",
    archivePrefix = "arXiv",
    primaryClass = "hep-ex",
    reportNumber = "CMS-SMP-19-003, CERN-EP-2020-040",
    doi = "10.1007/JHEP12(2020)082",
    journal = "JHEP",
    volume = "12",
    pages = "082",
    year = "2020"
}

@article{Aad:2014rma,
    author = "Aad, Georges and others",
    collaboration = "ATLAS",
    title = "{Measurement of three-jet production cross-sections in $pp$ collisions at 7 TeV centre-of-mass energy using the ATLAS detector}",
    eprint = "1411.1855",
    archivePrefix = "arXiv",
    primaryClass = "hep-ex",
    reportNumber = "CERN-PH-EP-2014-157",
    doi = "10.1140/epjc/s10052-015-3363-3",
    journal = "Eur. Phys. J. C",
    volume = "75",
    number = "5",
    pages = "228",
    year = "2015"
}

@article{Aad:2015nda,
    author = "Aad, Georges and others",
    collaboration = "ATLAS",
    title = "{Measurement of four-jet differential cross sections in $\sqrt{s}=8$ TeV proton-proton collisions using the ATLAS detector}",
    eprint = "1509.07335",
    archivePrefix = "arXiv",
    primaryClass = "hep-ex",
    reportNumber = "CERN-PH-EP-2015-181",
    doi = "10.1007/JHEP12(2015)105",
    journal = "JHEP",
    volume = "12",
    pages = "105",
    year = "2015"
}

@article{CMS:2014mna,
    author = "Khachatryan, Vardan and others",
    collaboration = "CMS",
    title = "{Measurement of the inclusive 3-jet production differential cross section in proton\textendash{}proton collisions at 7 TeV and determination of the strong coupling constant in the TeV range}",
    eprint = "1412.1633",
    archivePrefix = "arXiv",
    primaryClass = "hep-ex",
    reportNumber = "CMS-SMP-12-027, CERN-PH-EP-2014-287",
    doi = "10.1140/epjc/s10052-015-3376-y",
    journal = "Eur. Phys. J. C",
    volume = "75",
    number = "5",
    pages = "186",
    year = "2015"
}

@article{Aad:2011fc,
    author = "Aad, Georges and others",
    collaboration = "ATLAS",
    title = "{Measurement of inclusive jet and dijet production in $pp$ collisions at $\sqrt{s}=7$ TeV using the ATLAS detector}",
    eprint = "1112.6297",
    archivePrefix = "arXiv",
    primaryClass = "hep-ex",
    reportNumber = "CERN-PH-EP-2011-192",
    doi = "10.1103/PhysRevD.86.014022",
    journal = "Phys. Rev. D",
    volume = "86",
    pages = "014022",
    year = "2012"
}

@article{Nocera:2017zge,
    author = "Nocera, Emanuele Roberto and Ubiali, Maria",
    editor = "Klein, Uta",
    title = "{Constraining the gluon PDF at large x with LHC data}",
    eprint = "1709.09690",
    archivePrefix = "arXiv",
    primaryClass = "hep-ph",
    doi = "10.22323/1.297.0008",
    journal = "PoS",
    volume = "DIS2017",
    pages = "008",
    year = "2018"
}