@article{Brodsky:1980pb,
    author = "Brodsky, S.J. and Hoyer, P. and Peterson, C. and Sakai, N.",
    title = "{The Intrinsic Charm of the Proton}",
    reportNumber = "NORDITA-80-18",
    doi = "10.1016/0370-2693(80)90364-0",
    journal = "Phys. Lett. B",
    volume = "93",
    pages = "451--455",
    year = "1980"
}

@article{PhysRevD.23.2745,
  title = {Intrinsic heavy-quark states},
  author = {Brodsky, S. J. and Peterson, C. and Sakai, N.},
  journal = {Phys. Rev. D},
  volume = {23},
  issue = {11},
  pages = {2745--2757},
  numpages = {0},
  year = {1981},
  month = {Jun},
  publisher = {American Physical Society},
  doi = {10.1103/PhysRevD.23.2745},
  url = {https://link.aps.org/doi/10.1103/PhysRevD.23.2745}
}

@article{Maltoni:2012pa,
    author = "Maltoni, Fabio and Ridolfi, Giovanni and Ubiali, Maria",
    title = "{b-initiated processes at the LHC: a reappraisal}",
    eprint = "1203.6393",
    archivePrefix = "arXiv",
    primaryClass = "hep-ph",
    reportNumber = "CP3-12-15, TTK-12-11",
    doi = "10.1007/JHEP04(2013)095",
    journal = "JHEP",
    volume = "07",
    pages = "022",
    year = "2012",
    note = "[Erratum: JHEP 04, 095 (2013)]"
}

@article{Lim:2016wjo,
    author = "Lim, Matthew and Maltoni, Fabio and Ridolfi, Giovanni and Ubiali, Maria",
    title = "{Anatomy of double heavy-quark initiated processes}",
    eprint = "1605.09411",
    archivePrefix = "arXiv",
    primaryClass = "hep-ph",
    reportNumber = "CAVENDISH-HEP-16-07, CP3-16-24",
    doi = "10.1007/JHEP09(2016)132",
    journal = "JHEP",
    volume = "09",
    pages = "132",
    year = "2016"
}

@article{Bagnaschi:2018dnh,
    author = "Bagnaschi, Emanuele and Maltoni, Fabio and Vicini, Alessandro and Zaro, Marco",
    title = "{Lepton-pair production in association with a $ b\overline{b} $ pair and the determination of the $W$ boson mass}",
    eprint = "1803.04336",
    archivePrefix = "arXiv",
    primaryClass = "hep-ph",
    reportNumber = "DESY 18-024, CP3-18-16, NIKHEF/2018-008, TIF-UNIMI 2018-2, DESY-18-024, NIKHEF-2018-008, TIF-UNIMI-2018-2",
    doi = "10.1007/JHEP07(2018)101",
    journal = "JHEP",
    volume = "07",
    pages = "101",
    year = "2018"
}

@article{Figueroa:2018chn,
      author         = "Figueroa, D. and Honeywell, S. and Quackenbush, S. and
                        Reina, L. and Reuschle, C. and Wackeroth, D.",
      title          = "{Electroweak and QCD corrections to $Z$-boson production
                        with one $b$ jet in a massive five-flavor scheme}",
      journal        = "Phys. Rev.",
      volume         = "D98",
      year           = "2018",
      number         = "9",
      pages          = "093002",
      doi            = "10.1103/PhysRevD.98.093002",
      eprint         = "1805.01353",
      archivePrefix  = "arXiv",
      primaryClass   = "hep-ph",
      SLACcitation   = "%%CITATION = ARXIV:1805.01353;%%"
}

@article{Krauss:2017wmx,
      author         = "Krauss, Frank and Napoletano, Davide",
      title          = "{Towards a fully massive five-flavor scheme}",
      journal        = "Phys. Rev.",
      volume         = "D98",
      year           = "2018",
      number         = "9",
      pages          = "096002",
      doi            = "10.1103/PhysRevD.98.096002",
      eprint         = "1712.06832",
      archivePrefix  = "arXiv",
      primaryClass   = "hep-ph",
      SLACcitation   = "%%CITATION = ARXIV:1712.06832;%%"
}
@article{Ball:2015tna,
archivePrefix = {arXiv},
arxivId = {hep-ph/1510.00009},
author = {Ball, Richard D and Bertone, Valerio and Bonvini, Marco and Forte, Stefano and {Groth Merrild}, Patrick and Rojo, Juan and Rottoli, Luca},
doi = {10.1016/j.physletb.2015.12.077},
eprint = {1510.00009},
journal = {Phys. Lett.},
pages = {49--58},
primaryClass = {hep-ph},
title = {{Intrinsic charm in a matched general-mass scheme}},
volume = {B754},
year = {2016}
}

@article{Ball:2015dpa,
archivePrefix = {arXiv},
arxivId = {hep-ph/1510.02491},
author = {Ball, Richard D and Bonvini, Marco and Rottoli, Luca},
doi = {10.1007/JHEP11(2015)122},
eprint = {1510.02491},
journal = {JHEP},
pages = {122},
primaryClass = {hep-ph},
title = {{Charm in Deep-Inelastic Scattering}},
volume = {11},
year = {2015}
}

@article{Cacciari:1998it,
archivePrefix = {arXiv},
arxivId = {hep-ph/hep-ph/9803400},
author = {Cacciari, Matteo and Greco, Mario and Nason, Paolo},
doi = {10.1088/1126-6708/1998/05/007},
eprint = {hep-ph/9803400},
journal = {JHEP},
pages = {7},
primaryClass = {hep-ph},
title = {{The P(T) spectrum in heavy flavor hadroproduction}},
volume = {9805},
year = {1998}
}

@article{Ball:2016neh,
archivePrefix = {arXiv},
arxivId = {hep-ph/1605.06515},
author = {Ball, Richard D and Bertone, Valerio and Bonvini, Marco and Carrazza, Stefano and Forte, Stefano and Guffanti, Alberto and Hartland, Nathan P and Rojo, Juan and Rottoli, Luca},
doi = {10.1140/epjc/s10052-016-4469-y},
eprint = {1605.06515},
journal = {Eur. Phys. J.},
number = {11},
pages = {647},
primaryClass = {hep-ph},
title = {{A Determination of the Charm Content of the Proton}},
volume = {C76},
year = {2016}
}

@article{Bonvini:2016fgf,
archivePrefix = {arXiv},
arxivId = {hep-ph/1605.01733},
author = {Bonvini, Marco and Papanastasiou, Andrew S and Tackmann, Frank J},
doi = {10.1007/JHEP10(2016)053},
eprint = {1605.01733},
journal = {JHEP},
pages = {53},
primaryClass = {hep-ph},
title = {{Matched predictions for the $ b\overline{b}H $ cross section at the 13 TeV LHC}},
volume = {10},
year = {2016}
}

@article{Forte:2015hba,
      author         = "Forte, Stefano and Napoletano, Davide and Ubiali, Maria",
      title          = "{Higgs production in bottom-quark fusion in a matched
                        scheme}",
      journal        = "Phys. Lett.",
      volume         = "B751",
      year           = "2015",
      pages          = "331-337",
      doi            = "10.1016/j.physletb.2015.10.051",
      eprint         = "1508.01529",
      archivePrefix  = "arXiv",
      primaryClass   = "hep-ph",
      reportNumber   = "TIF-UNIMI-2015-12, CAVENDISH-HEP-15-06",
      SLACcitation   = "%%CITATION = ARXIV:1508.01529;%%"
}

@article{Forte:2016sja,
      author         = "Forte, Stefano and Napoletano, Davide and Ubiali, Maria",
      title          = "{Higgs production in bottom-quark fusion: matching beyond
                        leading order}",
      journal        = "Phys. Lett.",
      volume         = "B763",
      year           = "2016",
      pages          = "190-196",
      doi            = "10.1016/j.physletb.2016.10.040",
      eprint         = "1607.00389",
      archivePrefix  = "arXiv",
      primaryClass   = "hep-ph",
      reportNumber   = "TIF-UNIMI-2016-6, IPPP-16-61, CAVENDISH-HEP-16-11",
      SLACcitation   = "%%CITATION = ARXIV:1607.00389;%%"
}

@article{Bonvini:2015pxa,
archivePrefix = {arXiv},
arxivId = {hep-ph/1508.03288},
author = {Bonvini, Marco and Papanastasiou, Andrew S and Tackmann, Frank J},
doi = {10.1007/JHEP11(2015)196},
eprint = {1508.03288},
journal = {JHEP},
pages = {196},
primaryClass = {hep-ph},
title = {{Resummation and matching of b-quark mass effects in $ b\overline{b}H $ production}},
volume = {11},
year = {2015}
}

@article{Forte:2010ta,
archivePrefix = {arXiv},
arxivId = {hep-ph/1001.2312},
author = {Forte, Stefano and Laenen, Eric and Nason, Paolo and Rojo, Juan},
doi = {10.1016/j.nuclphysb.2010.03.014},
eprint = {1001.2312},
journal = {Nucl.Phys.},
pages = {116--162},
primaryClass = {hep-ph},
title = {{Heavy quarks in deep-inelastic scattering}},
volume = {B834},
year = {2010}
}
