@article{tHooft:1998qmr,
    author = "'t Hooft, Gerard",
    editor = "Narison, Stephan",
    title = "{When was asymptotic freedom discovered? or the rehabilitation of quantum field theory}",
    eprint = "hep-th/9808154",
    archivePrefix = "arXiv",
    reportNumber = "THU-98-33",
    doi = "10.1016/S0920-5632(99)00207-8",
    journal = "Nucl. Phys. B Proc. Suppl.",
    volume = "74",
    pages = "413--425",
    year = "1999"
}

@article{PhysRev.179.1547,
  title = {Asymptotic Sum Rules at Infinite Momentum},
  author = {Bjorken, J. D.},
  journal = {Phys. Rev.},
  volume = {179},
  issue = {5},
  pages = {1547--1553},
  numpages = {0},
  year = {1969},
  month = {Mar},
  publisher = {American Physical Society},
  doi = {10.1103/PhysRev.179.1547},
  url = {https://link.aps.org/doi/10.1103/PhysRev.179.1547}
}

@article{PhysRevLett.30.1346,
  title = {Reliable Perturbative Results for Strong Interactions?},
  author = {Politzer, H. David},
  journal = {Phys. Rev. Lett.},
  volume = {30},
  issue = {26},
  pages = {1346--1349},
  numpages = {0},
  year = {1973},
  month = {Jun},
  publisher = {American Physical Society},
  doi = {10.1103/PhysRevLett.30.1346},
  url = {https://link.aps.org/doi/10.1103/PhysRevLett.30.1346}
}

@article{PhysRevLett.30.1343,
  title = {Ultraviolet Behavior of Non-Abelian Gauge Theories},
  author = {Gross, David J. and Wilczek, Frank},
  journal = {Phys. Rev. Lett.},
  volume = {30},
  issue = {26},
  pages = {1343--1346},
  numpages = {0},
  year = {1973},
  month = {Jun},
  publisher = {American Physical Society},
  doi = {10.1103/PhysRevLett.30.1343},
  url = {https://link.aps.org/doi/10.1103/PhysRevLett.30.1343}
}

@article{PhysRevLett.31.851,
  title = {Price of Asymptotic Freedom},
  author = {Coleman, Sidney and Gross, David J.},
  journal = {Phys. Rev. Lett.},
  volume = {31},
  issue = {13},
  pages = {851--854},
  numpages = {0},
  year = {1973},
  month = {Sep},
  publisher = {American Physical Society},
  doi = {10.1103/PhysRevLett.31.851},
  url = {https://link.aps.org/doi/10.1103/PhysRevLett.31.851}
}

@book{Ellis:1991qj,
    author = "Ellis, R.Keith and Stirling, W.James and Webber, B.R.",
    title = "{QCD and collider physics}",
    isbn = "978-0-511-82328-2, 978-0-521-54589-1",
    publisher = "Cambridge University Press",
    volume = "8",
    month = "2",
    year = "2011"
}

@book{Muta:2010xua,
    author = "Muta, Taizo",
    title = "{Foundations of Quantum Chromodynamics: An Introduction to Perturbative Methods in Gauge Theories, (3rd ed.)}",
    edition = "3rd",
    isbn = "978-981-279-353-9",
    publisher = "World Scientific",
    address = "Hackensack, N.J.",
    series = "World scientific Lecture Notes in Physics",
    volume = "78",
    year = "2010"
}

@book{Collins:1984xc,
    author = "Collins, John C.",
    title = "{Renormalization}: {An Introduction to Renormalization, The Renormalization Group, and the Operator Product Expansion}",
    doi = "10.1017/CBO9780511622656",
    isbn = "978-0-521-31177-9, 978-0-511-86739-2",
    publisher = "Cambridge University Press",
    address = "Cambridge",
    series = "Cambridge Monographs on Mathematical Physics",
    volume = "26",
    year = "1986"
}

@article{PhysRevLett.23.1415,
  title = {Very High-Energy Collisions of Hadrons},
  author = {Feynman, Richard P.},
  journal = {Phys. Rev. Lett.},
  volume = {23},
  issue = {24},
  pages = {1415--1417},
  numpages = {0},
  year = {1969},
  month = {Dec},
  publisher = {American Physical Society},
  doi = {10.1103/PhysRevLett.23.1415},
  url = {https://link.aps.org/doi/10.1103/PhysRevLett.23.1415}
}

@article{Becchi:1975nq,
    author = "Becchi, C. and Rouet, A. and Stora, R.",
    title = "{Renormalization of Gauge Theories}",
    reportNumber = "CPT-75-P.723-MARSEILLE",
    doi = "10.1016/0003-4916(76)90156-1",
    journal = "Annals Phys.",
    volume = "98",
    pages = "287--321",
    year = "1976"
}

@article{Tyutin:1975qk,
    author = "Tyutin, I.V.",
    title = "{Gauge Invariance in Field Theory and Statistical Physics in Operator Formalism}",
    eprint = "0812.0580",
    archivePrefix = "arXiv",
    primaryClass = "hep-th",
    reportNumber = "LEBEDEV-75-39",
    year = "1975"
}

@article{GellMann:1964nj,
    author = "Gell-Mann, Murray",
    title = "{A Schematic Model of Baryons and Mesons}",
    doi = "10.1016/S0031-9163(64)92001-3",
    journal = "Phys. Lett.",
    volume = "8",
    pages = "214--215",
    year = "1964"
}

@article{Faddeev:1967fc,
    author = "Faddeev, L.D. and Popov, V.N.",
    editor = "Hsu, Jong-Ping and Fine, D.",
    title = "{Feynman Diagrams for the Yang-Mills Field}",
    doi = "10.1016/0370-2693(67)90067-6",
    journal = "Phys. Lett. B",
    volume = "25",
    pages = "29--30",
    year = "1967"
}

@article{Peccei:1977ur,
    author = "Peccei, R.D. and Quinn, Helen R.",
    title = "{Constraints Imposed by CP Conservation in the Presence of Instantons}",
    reportNumber = "ITP-572-STANFORD",
    doi = "10.1103/PhysRevD.16.1791",
    journal = "Phys. Rev. D",
    volume = "16",
    pages = "1791--1797",
    year = "1977"
}

@article{Herzog:2017ohr,
    author = "Herzog, F. and Ruijl, B. and Ueda, T. and Vermaseren, J.A.M. and Vogt, A.",
    title = "{The five-loop beta function of Yang-Mills theory with fermions}",
    eprint = "1701.01404",
    archivePrefix = "arXiv",
    primaryClass = "hep-ph",
    reportNumber = "NIKHEF-2017-001, LTH-1117",
    doi = "10.1007/JHEP02(2017)090",
    journal = "JHEP",
    volume = "02",
    pages = "090",
    year = "2017"
}



